%YAML 1.1
%TAG !u! tag:unity3d.com,2011:
--- !u!1 &123240
GameObject:
  m_ObjectHideFlags: 0
  m_CorrespondingSourceObject: {fileID: 0}
  m_PrefabInstance: {fileID: 0}
  m_PrefabAsset: {fileID: 0}
  serializedVersion: 6
  m_Component:
  - component: {fileID: 424120}
  - component: {fileID: 9522742}
  - component: {fileID: 5444328}
  - component: {fileID: 13698852}
  - component: {fileID: 11426612}
  - component: {fileID: 11417936}
  - component: {fileID: 11411548}
  m_Layer: 0
  m_Name: StalagmiteGolem
  m_TagString: Untagged
  m_Icon: {fileID: 0}
  m_NavMeshLayer: 0
  m_StaticEditorFlags: 0
  m_IsActive: 1
--- !u!4 &424120
Transform:
  m_ObjectHideFlags: 0
  m_CorrespondingSourceObject: {fileID: 0}
  m_PrefabInstance: {fileID: 0}
  m_PrefabAsset: {fileID: 0}
  m_GameObject: {fileID: 123240}
  m_LocalRotation: {x: 0, y: 0, z: 0, w: 1}
  m_LocalPosition: {x: 0, y: 0, z: 0}
  m_LocalScale: {x: 1, y: 1, z: 1}
  m_Children:
  - {fileID: 4822335327135100}
  - {fileID: 4164626709069798}
  - {fileID: 4203559518138304}
  - {fileID: 4364937169560926}
  - {fileID: 4148079301390164}
  m_Father: {fileID: 0}
  m_RootOrder: 0
  m_LocalEulerAnglesHint: {x: 0, y: 0, z: 0}
--- !u!95 &9522742
Animator:
  serializedVersion: 3
  m_ObjectHideFlags: 0
  m_CorrespondingSourceObject: {fileID: 0}
  m_PrefabInstance: {fileID: 0}
  m_PrefabAsset: {fileID: 0}
  m_GameObject: {fileID: 123240}
  m_Enabled: 1
  m_Avatar: {fileID: 9000000, guid: 385bf7654c837bb4aa8e32c2de889164, type: 3}
  m_Controller: {fileID: 9100000, guid: 9ae6b4c1489bc4e1689303d8a6b126eb, type: 2}
  m_CullingMode: 1
  m_UpdateMode: 0
  m_ApplyRootMotion: 1
  m_LinearVelocityBlending: 0
  m_WarningMessage: 
  m_HasTransformHierarchy: 1
  m_AllowConstantClipSamplingOptimization: 1
  m_KeepAnimatorControllerStateOnDisable: 0
--- !u!54 &5444328
Rigidbody:
  m_ObjectHideFlags: 0
  m_CorrespondingSourceObject: {fileID: 0}
  m_PrefabInstance: {fileID: 0}
  m_PrefabAsset: {fileID: 0}
  m_GameObject: {fileID: 123240}
  serializedVersion: 2
  m_Mass: 1
  m_Drag: 0
  m_AngularDrag: 0.05
  m_UseGravity: 1
  m_IsKinematic: 0
  m_Interpolate: 0
  m_Constraints: 0
  m_CollisionDetection: 0
--- !u!136 &13698852
CapsuleCollider:
  m_ObjectHideFlags: 0
  m_CorrespondingSourceObject: {fileID: 0}
  m_PrefabInstance: {fileID: 0}
  m_PrefabAsset: {fileID: 0}
  m_GameObject: {fileID: 123240}
  m_Material: {fileID: 0}
  m_IsTrigger: 0
  m_Enabled: 1
  m_Radius: 0.5
  m_Height: 2.73
  m_Direction: 1
  m_Center: {x: 0, y: 1.4, z: 0}
--- !u!114 &11426612
MonoBehaviour:
  m_ObjectHideFlags: 0
  m_CorrespondingSourceObject: {fileID: 0}
  m_PrefabInstance: {fileID: 0}
  m_PrefabAsset: {fileID: 0}
  m_GameObject: {fileID: 123240}
  m_Enabled: 1
  m_EditorHideFlags: 0
  m_Script: {fileID: 11500000, guid: 521b611700410be45810047f0a74e899, type: 3}
  m_Name: 
  m_EditorClassIdentifier: 
--- !u!114 &11417936
MonoBehaviour:
  m_ObjectHideFlags: 0
  m_CorrespondingSourceObject: {fileID: 0}
  m_PrefabInstance: {fileID: 0}
  m_PrefabAsset: {fileID: 0}
  m_GameObject: {fileID: 123240}
  m_Enabled: 1
  m_EditorHideFlags: 0
  m_Script: {fileID: 11500000, guid: ce7a80d520cacc042b5fe14f373d8173, type: 3}
  m_Name: 
  m_EditorClassIdentifier: 
  m_MovingTurnSpeed: 360
  m_StationaryTurnSpeed: 180
  m_JumpPower: 8.99
  m_GravityMultiplier: 2
  m_RunCycleLegOffset: 0.2
  m_MoveSpeedMultiplier: 1
  m_AnimSpeedMultiplier: 1
  m_GroundCheckDistance: 0.5
--- !u!114 &11411548
MonoBehaviour:
  m_ObjectHideFlags: 0
  m_CorrespondingSourceObject: {fileID: 0}
  m_PrefabInstance: {fileID: 0}
  m_PrefabAsset: {fileID: 0}
  m_GameObject: {fileID: 123240}
  m_Enabled: 1
  m_EditorHideFlags: 0
  m_Script: {fileID: 11500000, guid: 8c1fafbf5fb774a27aeb20559ba6950f, type: 3}
  m_Name: 
  m_EditorClassIdentifier: 
  KeyMapping:
  - key: 116
    triggerName: LeftPunch
    type: 0
  - key: 121
    triggerName: RightPunch
    type: 0
  - key: 117
    triggerName: DoublePunch
    type: 0
  - key: 306
    triggerName: Block
    type: 1
  - key: 49
    triggerName: HitChest
    type: 0
  - key: 50
    triggerName: HitHead
    type: 0
  - key: 51
    triggerName: HitStomach
    type: 0
  - key: 52
    triggerName: HitHard
    type: 0
  - key: 53
    triggerName: Die
    type: 0
--- !u!1 &1005216250529796
GameObject:
  m_ObjectHideFlags: 0
  m_CorrespondingSourceObject: {fileID: 0}
  m_PrefabInstance: {fileID: 0}
  m_PrefabAsset: {fileID: 0}
  serializedVersion: 6
  m_Component:
  - component: {fileID: 4916973888752650}
  m_Layer: 0
  m_Name: SmGolemLUpVectorNode 1
  m_TagString: Untagged
  m_Icon: {fileID: 0}
  m_NavMeshLayer: 0
  m_StaticEditorFlags: 0
  m_IsActive: 1
--- !u!4 &4916973888752650
Transform:
  m_ObjectHideFlags: 0
  m_CorrespondingSourceObject: {fileID: 0}
  m_PrefabInstance: {fileID: 0}
  m_PrefabAsset: {fileID: 0}
  m_GameObject: {fileID: 1005216250529796}
  m_LocalRotation: {x: 2.162214e-21, y: 0, z: -0, w: 1}
  m_LocalPosition: {x: -0.001968689, y: -0.26895466, z: 0.354134}
  m_LocalScale: {x: 1, y: 1, z: 1}
  m_Children: []
  m_Father: {fileID: 4376887308307686}
  m_RootOrder: 1
  m_LocalEulerAnglesHint: {x: 0, y: 0, z: 0}
--- !u!1 &1008688610405126
GameObject:
  m_ObjectHideFlags: 0
  m_CorrespondingSourceObject: {fileID: 0}
  m_PrefabInstance: {fileID: 0}
  m_PrefabAsset: {fileID: 0}
  serializedVersion: 6
  m_Component:
  - component: {fileID: 4203559518138304}
  m_Layer: 0
  m_Name: SmGolemLPlatform
  m_TagString: Untagged
  m_Icon: {fileID: 0}
  m_NavMeshLayer: 0
  m_StaticEditorFlags: 0
  m_IsActive: 1
--- !u!4 &4203559518138304
Transform:
  m_ObjectHideFlags: 0
  m_CorrespondingSourceObject: {fileID: 0}
  m_PrefabInstance: {fileID: 0}
  m_PrefabAsset: {fileID: 0}
  m_GameObject: {fileID: 1008688610405126}
  m_LocalRotation: {x: 0.50000006, y: -0.5, z: -0.4999999, w: 0.5}
  m_LocalPosition: {x: -0.27271184, y: -0.013918411, z: 0.17711347}
  m_LocalScale: {x: 2.54, y: 2.54, z: 2.54}
  m_Children: []
  m_Father: {fileID: 424120}
  m_RootOrder: 2
  m_LocalEulerAnglesHint: {x: 0, y: 0, z: 0}
--- !u!1 &1010405296235896
GameObject:
  m_ObjectHideFlags: 0
  m_CorrespondingSourceObject: {fileID: 0}
  m_PrefabInstance: {fileID: 0}
  m_PrefabAsset: {fileID: 0}
  serializedVersion: 6
  m_Component:
  - component: {fileID: 4540838519089712}
  m_Layer: 0
  m_Name: SmGolemLUpperarm
  m_TagString: Untagged
  m_Icon: {fileID: 0}
  m_NavMeshLayer: 0
  m_StaticEditorFlags: 0
  m_IsActive: 1
--- !u!4 &4540838519089712
Transform:
  m_ObjectHideFlags: 0
  m_CorrespondingSourceObject: {fileID: 0}
  m_PrefabInstance: {fileID: 0}
  m_PrefabAsset: {fileID: 0}
  m_GameObject: {fileID: 1010405296235896}
  m_LocalRotation: {x: 0.18870297, y: 0.17875192, z: 0.06410223, w: 0.9634988}
  m_LocalPosition: {x: -0.17944796, y: 0.000000019073486, z: -0.00000015258789}
  m_LocalScale: {x: 0.99999994, y: 1, z: 1.0000001}
  m_Children:
  - {fileID: 4571020161746486}
  m_Father: {fileID: 4587469493781556}
  m_RootOrder: 0
  m_LocalEulerAnglesHint: {x: 0, y: 0, z: 0}
--- !u!1 &1060190881957390
GameObject:
  m_ObjectHideFlags: 0
  m_CorrespondingSourceObject: {fileID: 0}
  m_PrefabInstance: {fileID: 0}
  m_PrefabAsset: {fileID: 0}
  serializedVersion: 6
  m_Component:
  - component: {fileID: 4170879080459320}
  m_Layer: 0
  m_Name: SmGolemRDigit12
  m_TagString: Untagged
  m_Icon: {fileID: 0}
  m_NavMeshLayer: 0
  m_StaticEditorFlags: 0
  m_IsActive: 1
--- !u!4 &4170879080459320
Transform:
  m_ObjectHideFlags: 0
  m_CorrespondingSourceObject: {fileID: 0}
  m_PrefabInstance: {fileID: 0}
  m_PrefabAsset: {fileID: 0}
  m_GameObject: {fileID: 1060190881957390}
  m_LocalRotation: {x: 0.06222831, y: -0.062403556, z: 0.11467838, w: 0.98948586}
  m_LocalPosition: {x: -0.015207462, y: -0.000000038146972, z: 0}
  m_LocalScale: {x: 1.0000005, y: 0.99999803, z: 1.000002}
  m_Children:
  - {fileID: 4648240036164592}
  m_Father: {fileID: 4097632362996738}
  m_RootOrder: 0
  m_LocalEulerAnglesHint: {x: 0, y: 0, z: 0}
--- !u!1 &1066352054915410
GameObject:
  m_ObjectHideFlags: 0
  m_CorrespondingSourceObject: {fileID: 0}
  m_PrefabInstance: {fileID: 0}
  m_PrefabAsset: {fileID: 0}
  serializedVersion: 6
  m_Component:
  - component: {fileID: 4148079301390164}
  m_Layer: 0
  m_Name: SmGolemRPlatform
  m_TagString: Untagged
  m_Icon: {fileID: 0}
  m_NavMeshLayer: 0
  m_StaticEditorFlags: 0
  m_IsActive: 1
--- !u!4 &4148079301390164
Transform:
  m_ObjectHideFlags: 0
  m_CorrespondingSourceObject: {fileID: 0}
  m_PrefabInstance: {fileID: 0}
  m_PrefabAsset: {fileID: 0}
  m_GameObject: {fileID: 1066352054915410}
  m_LocalRotation: {x: 0.50000006, y: -0.5, z: -0.4999999, w: 0.5}
  m_LocalPosition: {x: 0.2644746, y: -0.013918411, z: 0.191917}
  m_LocalScale: {x: 2.54, y: 2.54, z: 2.54}
  m_Children: []
  m_Father: {fileID: 424120}
  m_RootOrder: 4
  m_LocalEulerAnglesHint: {x: 0, y: 0, z: 0}
--- !u!1 &1076026735747072
GameObject:
  m_ObjectHideFlags: 0
  m_CorrespondingSourceObject: {fileID: 0}
  m_PrefabInstance: {fileID: 0}
  m_PrefabAsset: {fileID: 0}
  serializedVersion: 6
  m_Component:
  - component: {fileID: 4565287814593080}
  m_Layer: 0
  m_Name: SmGolemRUpperarm
  m_TagString: Untagged
  m_Icon: {fileID: 0}
  m_NavMeshLayer: 0
  m_StaticEditorFlags: 0
  m_IsActive: 1
--- !u!4 &4565287814593080
Transform:
  m_ObjectHideFlags: 0
  m_CorrespondingSourceObject: {fileID: 0}
  m_PrefabInstance: {fileID: 0}
  m_PrefabAsset: {fileID: 0}
  m_GameObject: {fileID: 1076026735747072}
  m_LocalRotation: {x: -0.27623728, y: -0.18205155, z: 0.12840074, w: 0.93491364}
  m_LocalPosition: {x: -0.14803429, y: -0.000000009536743, z: -0.000000076293944}
  m_LocalScale: {x: 1.0000002, y: 1.0000001, z: 0.9999998}
  m_Children:
  - {fileID: 4441407792681008}
  m_Father: {fileID: 4867685984881766}
  m_RootOrder: 0
  m_LocalEulerAnglesHint: {x: 0, y: 0, z: 0}
--- !u!1 &1078004334242184
GameObject:
  m_ObjectHideFlags: 0
  m_CorrespondingSourceObject: {fileID: 0}
  m_PrefabInstance: {fileID: 0}
  m_PrefabAsset: {fileID: 0}
  serializedVersion: 6
  m_Component:
  - component: {fileID: 4899823088540656}
  m_Layer: 0
  m_Name: SmGolemRDigit51
  m_TagString: Untagged
  m_Icon: {fileID: 0}
  m_NavMeshLayer: 0
  m_StaticEditorFlags: 0
  m_IsActive: 1
--- !u!4 &4899823088540656
Transform:
  m_ObjectHideFlags: 0
  m_CorrespondingSourceObject: {fileID: 0}
  m_PrefabInstance: {fileID: 0}
  m_PrefabAsset: {fileID: 0}
  m_GameObject: {fileID: 1078004334242184}
  m_LocalRotation: {x: 0.09404076, y: 0.09842418, z: 0.07556704, w: 0.98780495}
  m_LocalPosition: {x: -0.059343833, y: 0, z: 0.036417294}
  m_LocalScale: {x: 1.0000005, y: 1.0000007, z: 0.99999917}
  m_Children:
  - {fileID: 4961306167007024}
  m_Father: {fileID: 4094738114683088}
  m_RootOrder: 4
  m_LocalEulerAnglesHint: {x: 0, y: 0, z: 0}
--- !u!1 &1091389107590546
GameObject:
  m_ObjectHideFlags: 0
  m_CorrespondingSourceObject: {fileID: 0}
  m_PrefabInstance: {fileID: 0}
  m_PrefabAsset: {fileID: 0}
  serializedVersion: 6
  m_Component:
  - component: {fileID: 4462491139240912}
  m_Layer: 0
  m_Name: SmGolemRDigit32
  m_TagString: Untagged
  m_Icon: {fileID: 0}
  m_NavMeshLayer: 0
  m_StaticEditorFlags: 0
  m_IsActive: 1
--- !u!4 &4462491139240912
Transform:
  m_ObjectHideFlags: 0
  m_CorrespondingSourceObject: {fileID: 0}
  m_PrefabInstance: {fileID: 0}
  m_PrefabAsset: {fileID: 0}
  m_GameObject: {fileID: 1091389107590546}
  m_LocalRotation: {x: 0.022739245, y: 0.023892809, z: 0.12954047, w: 0.9910254}
  m_LocalPosition: {x: -0.026908759, y: 0, z: 0.000000038146972}
  m_LocalScale: {x: 1.0000004, y: 1.0000004, z: 0.9999996}
  m_Children:
  - {fileID: 4350637107366232}
  m_Father: {fileID: 4609228671746798}
  m_RootOrder: 0
  m_LocalEulerAnglesHint: {x: 0, y: 0, z: 0}
--- !u!1 &1106277286603572
GameObject:
  m_ObjectHideFlags: 0
  m_CorrespondingSourceObject: {fileID: 0}
  m_PrefabInstance: {fileID: 0}
  m_PrefabAsset: {fileID: 0}
  serializedVersion: 6
  m_Component:
  - component: {fileID: 4350637107366232}
  m_Layer: 0
  m_Name: SmGolemRDigit33
  m_TagString: Untagged
  m_Icon: {fileID: 0}
  m_NavMeshLayer: 0
  m_StaticEditorFlags: 0
  m_IsActive: 1
--- !u!4 &4350637107366232
Transform:
  m_ObjectHideFlags: 0
  m_CorrespondingSourceObject: {fileID: 0}
  m_PrefabInstance: {fileID: 0}
  m_PrefabAsset: {fileID: 0}
  m_GameObject: {fileID: 1106277286603572}
  m_LocalRotation: {x: 0.029555483, y: 0.020650104, z: 0.12871942, w: 0.99102545}
  m_LocalPosition: {x: -0.026196212, y: 0, z: 0}
  m_LocalScale: {x: 1.0000002, y: 1.0000007, z: 0.9999994}
  m_Children: []
  m_Father: {fileID: 4462491139240912}
  m_RootOrder: 0
  m_LocalEulerAnglesHint: {x: 0, y: 0, z: 0}
--- !u!1 &1137612690459380
GameObject:
  m_ObjectHideFlags: 0
  m_CorrespondingSourceObject: {fileID: 0}
  m_PrefabInstance: {fileID: 0}
  m_PrefabAsset: {fileID: 0}
  serializedVersion: 6
  m_Component:
  - component: {fileID: 4212338794359064}
  m_Layer: 0
  m_Name: SmGolemRDigit42
  m_TagString: Untagged
  m_Icon: {fileID: 0}
  m_NavMeshLayer: 0
  m_StaticEditorFlags: 0
  m_IsActive: 1
--- !u!4 &4212338794359064
Transform:
  m_ObjectHideFlags: 0
  m_CorrespondingSourceObject: {fileID: 0}
  m_PrefabInstance: {fileID: 0}
  m_PrefabAsset: {fileID: 0}
  m_GameObject: {fileID: 1137612690459380}
  m_LocalRotation: {x: 0.07651932, y: 0.08177047, z: 0.09361214, w: 0.98929024}
  m_LocalPosition: {x: -0.027736893, y: -0.000000076293944, z: 0.0000000333786}
  m_LocalScale: {x: 1.0000006, y: 1.0000013, z: 0.99999857}
  m_Children:
  - {fileID: 4963235019829072}
  m_Father: {fileID: 4709556578121200}
  m_RootOrder: 0
  m_LocalEulerAnglesHint: {x: 0, y: 0, z: 0}
--- !u!1 &1163261081243846
GameObject:
  m_ObjectHideFlags: 0
  m_CorrespondingSourceObject: {fileID: 0}
  m_PrefabInstance: {fileID: 0}
  m_PrefabAsset: {fileID: 0}
  serializedVersion: 6
  m_Component:
  - component: {fileID: 4950581677815480}
  m_Layer: 0
  m_Name: SmGolemLDigit42
  m_TagString: Untagged
  m_Icon: {fileID: 0}
  m_NavMeshLayer: 0
  m_StaticEditorFlags: 0
  m_IsActive: 1
--- !u!4 &4950581677815480
Transform:
  m_ObjectHideFlags: 0
  m_CorrespondingSourceObject: {fileID: 0}
  m_PrefabInstance: {fileID: 0}
  m_PrefabAsset: {fileID: 0}
  m_GameObject: {fileID: 1163261081243846}
  m_LocalRotation: {x: -0.020416183, y: -0.059548877, z: 0.05279474, w: 0.9966192}
  m_LocalPosition: {x: -0.022704696, y: 0.000000076293944, z: -0.000000023841856}
  m_LocalScale: {x: 0.999999, y: 0.99999994, z: 1.0000011}
  m_Children:
  - {fileID: 4797571860357712}
  m_Father: {fileID: 4538976883526998}
  m_RootOrder: 0
  m_LocalEulerAnglesHint: {x: 0, y: 0, z: 0}
--- !u!1 &1190741428711610
GameObject:
  m_ObjectHideFlags: 0
  m_CorrespondingSourceObject: {fileID: 0}
  m_PrefabInstance: {fileID: 0}
  m_PrefabAsset: {fileID: 0}
  serializedVersion: 6
  m_Component:
  - component: {fileID: 4097632362996738}
  m_Layer: 0
  m_Name: SmGolemRDigit11
  m_TagString: Untagged
  m_Icon: {fileID: 0}
  m_NavMeshLayer: 0
  m_StaticEditorFlags: 0
  m_IsActive: 1
--- !u!4 &4097632362996738
Transform:
  m_ObjectHideFlags: 0
  m_CorrespondingSourceObject: {fileID: 0}
  m_PrefabInstance: {fileID: 0}
  m_PrefabAsset: {fileID: 0}
  m_GameObject: {fileID: 1190741428711610}
  m_LocalRotation: {x: -0.21534798, y: -0.3484708, z: 0.04947024, w: 0.910904}
  m_LocalPosition: {x: -0.014871559, y: 0.000098648066, z: -0.032896005}
  m_LocalScale: {x: 0.99999946, y: 0.9999992, z: 1.0000018}
  m_Children:
  - {fileID: 4170879080459320}
  m_Father: {fileID: 4094738114683088}
  m_RootOrder: 0
  m_LocalEulerAnglesHint: {x: 0, y: 0, z: 0}
--- !u!1 &1209105117341834
GameObject:
  m_ObjectHideFlags: 0
  m_CorrespondingSourceObject: {fileID: 0}
  m_PrefabInstance: {fileID: 0}
  m_PrefabAsset: {fileID: 0}
  serializedVersion: 6
  m_Component:
  - component: {fileID: 4538976883526998}
  m_Layer: 0
  m_Name: SmGolemLDigit41
  m_TagString: Untagged
  m_Icon: {fileID: 0}
  m_NavMeshLayer: 0
  m_StaticEditorFlags: 0
  m_IsActive: 1
--- !u!4 &4538976883526998
Transform:
  m_ObjectHideFlags: 0
  m_CorrespondingSourceObject: {fileID: 0}
  m_PrefabInstance: {fileID: 0}
  m_PrefabAsset: {fileID: 0}
  m_GameObject: {fileID: 1209105117341834}
  m_LocalRotation: {x: -0.013831856, y: -0.06101761, z: 0.053251334, w: 0.9966192}
  m_LocalPosition: {x: -0.06977737, y: -0.001111145, z: -0.012536897}
  m_LocalScale: {x: 0.99999905, y: 0.99999964, z: 1.0000012}
  m_Children:
  - {fileID: 4950581677815480}
  m_Father: {fileID: 4719330663339996}
  m_RootOrder: 3
  m_LocalEulerAnglesHint: {x: 0, y: 0, z: 0}
--- !u!1 &1265008515970008
GameObject:
  m_ObjectHideFlags: 0
  m_CorrespondingSourceObject: {fileID: 0}
  m_PrefabInstance: {fileID: 0}
  m_PrefabAsset: {fileID: 0}
  serializedVersion: 6
  m_Component:
  - component: {fileID: 4364937169560926}
  m_Layer: 0
  m_Name: SmGolemPelvis
  m_TagString: Untagged
  m_Icon: {fileID: 0}
  m_NavMeshLayer: 0
  m_StaticEditorFlags: 0
  m_IsActive: 1
--- !u!4 &4364937169560926
Transform:
  m_ObjectHideFlags: 0
  m_CorrespondingSourceObject: {fileID: 0}
  m_PrefabInstance: {fileID: 0}
  m_PrefabAsset: {fileID: 0}
  m_GameObject: {fileID: 1265008515970008}
  m_LocalRotation: {x: 0.49912703, y: -0.50087154, z: -0.49912694, w: 0.5008715}
  m_LocalPosition: {x: 0, y: 1.3343576, z: -0.0953483}
  m_LocalScale: {x: 2.54, y: 2.54, z: 2.54}
  m_Children:
  - {fileID: 4663585057785570}
  - {fileID: 4266452574715684}
  - {fileID: 4193934384056018}
  - {fileID: 4757901161388000}
  - {fileID: 4609478687667170}
  m_Father: {fileID: 424120}
  m_RootOrder: 3
  m_LocalEulerAnglesHint: {x: 0, y: 0, z: 0}
--- !u!1 &1290986748422840
GameObject:
  m_ObjectHideFlags: 0
  m_CorrespondingSourceObject: {fileID: 0}
  m_PrefabInstance: {fileID: 0}
  m_PrefabAsset: {fileID: 0}
  serializedVersion: 6
  m_Component:
  - component: {fileID: 4429077853362498}
  m_Layer: 0
  m_Name: SmGolemLDigit21
  m_TagString: Untagged
  m_Icon: {fileID: 0}
  m_NavMeshLayer: 0
  m_StaticEditorFlags: 0
  m_IsActive: 1
--- !u!4 &4429077853362498
Transform:
  m_ObjectHideFlags: 0
  m_CorrespondingSourceObject: {fileID: 0}
  m_PrefabInstance: {fileID: 0}
  m_PrefabAsset: {fileID: 0}
  m_GameObject: {fileID: 1290986748422840}
  m_LocalRotation: {x: -0.0048463186, y: -0.0037529618, z: 0.057820078, w: 0.99830824}
  m_LocalPosition: {x: -0.06322933, y: -0.01194725, z: 0.025602516}
  m_LocalScale: {x: 0.9999988, y: 0.99999976, z: 1.0000013}
  m_Children:
  - {fileID: 4659253901953720}
  m_Father: {fileID: 4719330663339996}
  m_RootOrder: 1
  m_LocalEulerAnglesHint: {x: 0, y: 0, z: 0}
--- !u!1 &1314469710400704
GameObject:
  m_ObjectHideFlags: 0
  m_CorrespondingSourceObject: {fileID: 0}
  m_PrefabInstance: {fileID: 0}
  m_PrefabAsset: {fileID: 0}
  serializedVersion: 6
  m_Component:
  - component: {fileID: 4622907829807078}
  m_Layer: 0
  m_Name: SmGolemLDigit13
  m_TagString: Untagged
  m_Icon: {fileID: 0}
  m_NavMeshLayer: 0
  m_StaticEditorFlags: 0
  m_IsActive: 1
--- !u!4 &4622907829807078
Transform:
  m_ObjectHideFlags: 0
  m_CorrespondingSourceObject: {fileID: 0}
  m_PrefabInstance: {fileID: 0}
  m_PrefabAsset: {fileID: 0}
  m_GameObject: {fileID: 1314469710400704}
  m_LocalRotation: {x: -0.018156331, y: 0.01868064, z: 0.069362275, w: 0.99725133}
  m_LocalPosition: {x: -0.016159171, y: 0, z: -0.000000076293944}
  m_LocalScale: {x: 0.99999833, y: 1.0000007, z: 1.0000007}
  m_Children: []
  m_Father: {fileID: 4037825136427678}
  m_RootOrder: 0
  m_LocalEulerAnglesHint: {x: 0, y: 0, z: 0}
--- !u!1 &1315484713445416
GameObject:
  m_ObjectHideFlags: 0
  m_CorrespondingSourceObject: {fileID: 0}
  m_PrefabInstance: {fileID: 0}
  m_PrefabAsset: {fileID: 0}
  serializedVersion: 6
  m_Component:
  - component: {fileID: 4963235019829072}
  m_Layer: 0
  m_Name: SmGolemRDigit43
  m_TagString: Untagged
  m_Icon: {fileID: 0}
  m_NavMeshLayer: 0
  m_StaticEditorFlags: 0
  m_IsActive: 1
--- !u!4 &4963235019829072
Transform:
  m_ObjectHideFlags: 0
  m_CorrespondingSourceObject: {fileID: 0}
  m_PrefabInstance: {fileID: 0}
  m_PrefabAsset: {fileID: 0}
  m_GameObject: {fileID: 1315484713445416}
  m_LocalRotation: {x: 0.0537923, y: 0.06537331, z: 0.10625516, w: 0.9907283}
  m_LocalPosition: {x: -0.026037596, y: 0, z: 0}
  m_LocalScale: {x: 1.0000005, y: 1.0000017, z: 0.99999833}
  m_Children: []
  m_Father: {fileID: 4212338794359064}
  m_RootOrder: 0
  m_LocalEulerAnglesHint: {x: 0, y: 0, z: 0}
--- !u!1 &1337207922599426
GameObject:
  m_ObjectHideFlags: 0
  m_CorrespondingSourceObject: {fileID: 0}
  m_PrefabInstance: {fileID: 0}
  m_PrefabAsset: {fileID: 0}
  serializedVersion: 6
  m_Component:
  - component: {fileID: 4822335327135100}
  m_Layer: 0
  m_Name: SmGolem
  m_TagString: Untagged
  m_Icon: {fileID: 0}
  m_NavMeshLayer: 0
  m_StaticEditorFlags: 0
  m_IsActive: 1
--- !u!4 &4822335327135100
Transform:
  m_ObjectHideFlags: 0
  m_CorrespondingSourceObject: {fileID: 0}
  m_PrefabInstance: {fileID: 0}
  m_PrefabAsset: {fileID: 0}
  m_GameObject: {fileID: 1337207922599426}
  m_LocalRotation: {x: 0.50000006, y: -0.5, z: -0.4999999, w: 0.5}
  m_LocalPosition: {x: 0, y: 0, z: 0}
  m_LocalScale: {x: 2.54, y: 2.54, z: 2.54}
  m_Children: []
  m_Father: {fileID: 424120}
  m_RootOrder: 0
  m_LocalEulerAnglesHint: {x: 0, y: 0, z: 0}
--- !u!1 &1373859822275678
GameObject:
  m_ObjectHideFlags: 0
  m_CorrespondingSourceObject: {fileID: 0}
  m_PrefabInstance: {fileID: 0}
  m_PrefabAsset: {fileID: 0}
  serializedVersion: 6
  m_Component:
  - component: {fileID: 4051115161115062}
  m_Layer: 0
  m_Name: SmGolemRDigit21
  m_TagString: Untagged
  m_Icon: {fileID: 0}
  m_NavMeshLayer: 0
  m_StaticEditorFlags: 0
  m_IsActive: 1
--- !u!4 &4051115161115062
Transform:
  m_ObjectHideFlags: 0
  m_CorrespondingSourceObject: {fileID: 0}
  m_PrefabInstance: {fileID: 0}
  m_PrefabAsset: {fileID: 0}
  m_GameObject: {fileID: 1373859822275678}
  m_LocalRotation: {x: 0.009890795, y: -0.030362004, z: 0.10154117, w: 0.9943187}
  m_LocalPosition: {x: -0.07816944, y: -0.0020326232, z: -0.03645458}
  m_LocalScale: {x: 1, y: 1.0000001, z: 1.0000004}
  m_Children:
  - {fileID: 4878667006939718}
  m_Father: {fileID: 4094738114683088}
  m_RootOrder: 1
  m_LocalEulerAnglesHint: {x: 0, y: 0, z: 0}
--- !u!1 &1387862293409334
GameObject:
  m_ObjectHideFlags: 0
  m_CorrespondingSourceObject: {fileID: 0}
  m_PrefabInstance: {fileID: 0}
  m_PrefabAsset: {fileID: 0}
  serializedVersion: 6
  m_Component:
  - component: {fileID: 4683806617496358}
  m_Layer: 0
  m_Name: SmGolemLDigit31
  m_TagString: Untagged
  m_Icon: {fileID: 0}
  m_NavMeshLayer: 0
  m_StaticEditorFlags: 0
  m_IsActive: 1
--- !u!4 &4683806617496358
Transform:
  m_ObjectHideFlags: 0
  m_CorrespondingSourceObject: {fileID: 0}
  m_PrefabInstance: {fileID: 0}
  m_PrefabAsset: {fileID: 0}
  m_GameObject: {fileID: 1387862293409334}
  m_LocalRotation: {x: -0.010968186, y: -0.033264447, z: 0.06995505, w: 0.99693507}
  m_LocalPosition: {x: -0.07382316, y: -0.006995697, z: 0.008534135}
  m_LocalScale: {x: 0.9999988, y: 0.9999998, z: 1.0000013}
  m_Children:
  - {fileID: 4404690389439168}
  m_Father: {fileID: 4719330663339996}
  m_RootOrder: 2
  m_LocalEulerAnglesHint: {x: 0, y: 0, z: 0}
--- !u!1 &1392424408593914
GameObject:
  m_ObjectHideFlags: 0
  m_CorrespondingSourceObject: {fileID: 0}
  m_PrefabInstance: {fileID: 0}
  m_PrefabAsset: {fileID: 0}
  serializedVersion: 6
  m_Component:
  - component: {fileID: 4763038207307822}
  m_Layer: 0
  m_Name: SmGolemNeck1
  m_TagString: Untagged
  m_Icon: {fileID: 0}
  m_NavMeshLayer: 0
  m_StaticEditorFlags: 0
  m_IsActive: 1
--- !u!4 &4763038207307822
Transform:
  m_ObjectHideFlags: 0
  m_CorrespondingSourceObject: {fileID: 0}
  m_PrefabInstance: {fileID: 0}
  m_PrefabAsset: {fileID: 0}
  m_GameObject: {fileID: 1392424408593914}
  m_LocalRotation: {x: 7.10543e-15, y: 2.5571745e-14, z: 7.1054274e-15, w: 1}
  m_LocalPosition: {x: -0.00041389465, y: -0.0018225526, z: -0.0000000035001175}
  m_LocalScale: {x: 1, y: 1, z: 1}
  m_Children:
  - {fileID: 4422237328618938}
  m_Father: {fileID: 4376887308307686}
  m_RootOrder: 2
  m_LocalEulerAnglesHint: {x: 0, y: 0, z: 0}
--- !u!1 &1401167796568950
GameObject:
  m_ObjectHideFlags: 0
  m_CorrespondingSourceObject: {fileID: 0}
  m_PrefabInstance: {fileID: 0}
  m_PrefabAsset: {fileID: 0}
  serializedVersion: 6
  m_Component:
  - component: {fileID: 4609478687667170}
  m_Layer: 0
  m_Name: SmGolemSpine
  m_TagString: Untagged
  m_Icon: {fileID: 0}
  m_NavMeshLayer: 0
  m_StaticEditorFlags: 0
  m_IsActive: 1
--- !u!4 &4609478687667170
Transform:
  m_ObjectHideFlags: 0
  m_CorrespondingSourceObject: {fileID: 0}
  m_PrefabInstance: {fileID: 0}
  m_PrefabAsset: {fileID: 0}
  m_GameObject: {fileID: 1401167796568950}
  m_LocalRotation: {x: -0.0000000026913043, y: -0.0000000077910975, z: 0.13079377,
    w: 0.9914096}
  m_LocalPosition: {x: -0.016208649, y: 0.021091666, z: -0.000000007842277}
  m_LocalScale: {x: 1.0000004, y: 1.0000004, z: 1}
  m_Children:
  - {fileID: 4376887308307686}
  m_Father: {fileID: 4364937169560926}
  m_RootOrder: 4
  m_LocalEulerAnglesHint: {x: 0, y: 0, z: 0}
--- !u!1 &1442037494551694
GameObject:
  m_ObjectHideFlags: 0
  m_CorrespondingSourceObject: {fileID: 0}
  m_PrefabInstance: {fileID: 0}
  m_PrefabAsset: {fileID: 0}
  serializedVersion: 6
  m_Component:
  - component: {fileID: 4534804697231664}
  m_Layer: 0
  m_Name: SmGolemLDigit53
  m_TagString: Untagged
  m_Icon: {fileID: 0}
  m_NavMeshLayer: 0
  m_StaticEditorFlags: 0
  m_IsActive: 1
--- !u!4 &4534804697231664
Transform:
  m_ObjectHideFlags: 0
  m_CorrespondingSourceObject: {fileID: 0}
  m_PrefabInstance: {fileID: 0}
  m_PrefabAsset: {fileID: 0}
  m_GameObject: {fileID: 1442037494551694}
  m_LocalRotation: {x: -0.026789926, y: -0.05732564, z: 0.052404847, w: 0.99661916}
  m_LocalPosition: {x: -0.016917037, y: 0, z: -0.0000000047683715}
  m_LocalScale: {x: 0.99999905, y: 1.0000001, z: 1.000001}
  m_Children: []
  m_Father: {fileID: 4451341145317194}
  m_RootOrder: 0
  m_LocalEulerAnglesHint: {x: 0, y: 0, z: 0}
--- !u!1 &1442750447113358
GameObject:
  m_ObjectHideFlags: 0
  m_CorrespondingSourceObject: {fileID: 0}
  m_PrefabInstance: {fileID: 0}
  m_PrefabAsset: {fileID: 0}
  serializedVersion: 6
  m_Component:
  - component: {fileID: 4266452574715684}
  m_Layer: 0
  m_Name: SmGolemLUpVectorNode
  m_TagString: Untagged
  m_Icon: {fileID: 0}
  m_NavMeshLayer: 0
  m_StaticEditorFlags: 0
  m_IsActive: 1
--- !u!4 &4266452574715684
Transform:
  m_ObjectHideFlags: 0
  m_CorrespondingSourceObject: {fileID: 0}
  m_PrefabInstance: {fileID: 0}
  m_PrefabAsset: {fileID: 0}
  m_GameObject: {fileID: 1442750447113358}
  m_LocalRotation: {x: 1.4294121e-15, y: 0, z: -0, w: 1}
  m_LocalPosition: {x: 0.26844895, y: 0.26253876, z: 0.11314748}
  m_LocalScale: {x: 1, y: 1, z: 1}
  m_Children: []
  m_Father: {fileID: 4364937169560926}
  m_RootOrder: 1
  m_LocalEulerAnglesHint: {x: 0, y: 0, z: 0}
--- !u!1 &1445696169673158
GameObject:
  m_ObjectHideFlags: 0
  m_CorrespondingSourceObject: {fileID: 0}
  m_PrefabInstance: {fileID: 0}
  m_PrefabAsset: {fileID: 0}
  serializedVersion: 6
  m_Component:
  - component: {fileID: 4659253901953720}
  m_Layer: 0
  m_Name: SmGolemLDigit22
  m_TagString: Untagged
  m_Icon: {fileID: 0}
  m_NavMeshLayer: 0
  m_StaticEditorFlags: 0
  m_IsActive: 1
--- !u!4 &4659253901953720
Transform:
  m_ObjectHideFlags: 0
  m_CorrespondingSourceObject: {fileID: 0}
  m_PrefabInstance: {fileID: 0}
  m_PrefabAsset: {fileID: 0}
  m_GameObject: {fileID: 1445696169673158}
  m_LocalRotation: {x: -0.004846356, y: -0.0037529874, z: 0.057820175, w: 0.99830824}
  m_LocalPosition: {x: -0.023437805, y: 0.00000015258789, z: -0.000000009536743}
  m_LocalScale: {x: 0.99999845, y: 1.0000001, z: 1.0000013}
  m_Children:
  - {fileID: 4384460205148044}
  m_Father: {fileID: 4429077853362498}
  m_RootOrder: 0
  m_LocalEulerAnglesHint: {x: 0, y: 0, z: 0}
--- !u!1 &1456731686500654
GameObject:
  m_ObjectHideFlags: 0
  m_CorrespondingSourceObject: {fileID: 0}
  m_PrefabInstance: {fileID: 0}
  m_PrefabAsset: {fileID: 0}
  serializedVersion: 6
  m_Component:
  - component: {fileID: 4404690389439168}
  m_Layer: 0
  m_Name: SmGolemLDigit32
  m_TagString: Untagged
  m_Icon: {fileID: 0}
  m_NavMeshLayer: 0
  m_StaticEditorFlags: 0
  m_IsActive: 1
--- !u!4 &4404690389439168
Transform:
  m_ObjectHideFlags: 0
  m_CorrespondingSourceObject: {fileID: 0}
  m_PrefabInstance: {fileID: 0}
  m_PrefabAsset: {fileID: 0}
  m_GameObject: {fileID: 1456731686500654}
  m_LocalRotation: {x: -0.015056114, y: -0.0322271, z: 0.06967975, w: 0.996935}
  m_LocalPosition: {x: -0.025090408, y: 0, z: -0.0000000333786}
  m_LocalScale: {x: 0.99999857, y: 1.0000002, z: 1.0000011}
  m_Children:
  - {fileID: 4445725025477890}
  m_Father: {fileID: 4683806617496358}
  m_RootOrder: 0
  m_LocalEulerAnglesHint: {x: 0, y: 0, z: 0}
--- !u!1 &1458179736835526
GameObject:
  m_ObjectHideFlags: 0
  m_CorrespondingSourceObject: {fileID: 0}
  m_PrefabInstance: {fileID: 0}
  m_PrefabAsset: {fileID: 0}
  serializedVersion: 6
  m_Component:
  - component: {fileID: 4878667006939718}
  m_Layer: 0
  m_Name: SmGolemRDigit22
  m_TagString: Untagged
  m_Icon: {fileID: 0}
  m_NavMeshLayer: 0
  m_StaticEditorFlags: 0
  m_IsActive: 1
--- !u!4 &4878667006939718
Transform:
  m_ObjectHideFlags: 0
  m_CorrespondingSourceObject: {fileID: 0}
  m_PrefabInstance: {fileID: 0}
  m_PrefabAsset: {fileID: 0}
  m_GameObject: {fileID: 1458179736835526}
  m_LocalRotation: {x: 0.004057638, y: -0.032973766, z: 0.099522464, w: 0.99448055}
  m_LocalPosition: {x: -0.024926871, y: -0.000000076293944, z: 0.000000114440915}
  m_LocalScale: {x: 0.99999994, y: 0.9999998, z: 1.0000008}
  m_Children:
  - {fileID: 4733346377172516}
  m_Father: {fileID: 4051115161115062}
  m_RootOrder: 0
  m_LocalEulerAnglesHint: {x: 0, y: 0, z: 0}
--- !u!1 &1478482341805708
GameObject:
  m_ObjectHideFlags: 0
  m_CorrespondingSourceObject: {fileID: 0}
  m_PrefabInstance: {fileID: 0}
  m_PrefabAsset: {fileID: 0}
  serializedVersion: 6
  m_Component:
  - component: {fileID: 4376887308307686}
  m_Layer: 0
  m_Name: SmGolemRibcage
  m_TagString: Untagged
  m_Icon: {fileID: 0}
  m_NavMeshLayer: 0
  m_StaticEditorFlags: 0
  m_IsActive: 1
--- !u!4 &4376887308307686
Transform:
  m_ObjectHideFlags: 0
  m_CorrespondingSourceObject: {fileID: 0}
  m_PrefabInstance: {fileID: 0}
  m_PrefabAsset: {fileID: 0}
  m_GameObject: {fileID: 1478482341805708}
  m_LocalRotation: {x: -0.0000000027220435, y: -0.000000010275522, z: -0.13252304,
    w: 0.99117994}
  m_LocalPosition: {x: -0.23927993, y: 0.000000019073486, z: 0}
  m_LocalScale: {x: 0.9999996, y: 0.99999964, z: 1}
  m_Children:
  - {fileID: 4587469493781556}
  - {fileID: 4916973888752650}
  - {fileID: 4763038207307822}
  - {fileID: 4867685984881766}
  - {fileID: 4805027775023812}
  m_Father: {fileID: 4609478687667170}
  m_RootOrder: 0
  m_LocalEulerAnglesHint: {x: 0, y: 0, z: 0}
--- !u!1 &1484208417189740
GameObject:
  m_ObjectHideFlags: 0
  m_CorrespondingSourceObject: {fileID: 0}
  m_PrefabInstance: {fileID: 0}
  m_PrefabAsset: {fileID: 0}
  serializedVersion: 6
  m_Component:
  - component: {fileID: 4022317795438106}
  m_Layer: 0
  m_Name: SmGolemRDigit53
  m_TagString: Untagged
  m_Icon: {fileID: 0}
  m_NavMeshLayer: 0
  m_StaticEditorFlags: 0
  m_IsActive: 1
--- !u!4 &4022317795438106
Transform:
  m_ObjectHideFlags: 0
  m_CorrespondingSourceObject: {fileID: 0}
  m_PrefabInstance: {fileID: 0}
  m_PrefabAsset: {fileID: 0}
  m_GameObject: {fileID: 1484208417189740}
  m_LocalRotation: {x: 0.053792257, y: 0.06537341, z: 0.10625512, w: 0.9907283}
  m_LocalPosition: {x: -0.017371407, y: 0, z: 0.000000019073486}
  m_LocalScale: {x: 1.0000005, y: 1.0000018, z: 0.9999984}
  m_Children: []
  m_Father: {fileID: 4961306167007024}
  m_RootOrder: 0
  m_LocalEulerAnglesHint: {x: 0, y: 0, z: 0}
--- !u!1 &1495289694303664
GameObject:
  m_ObjectHideFlags: 0
  m_CorrespondingSourceObject: {fileID: 0}
  m_PrefabInstance: {fileID: 0}
  m_PrefabAsset: {fileID: 0}
  serializedVersion: 6
  m_Component:
  - component: {fileID: 4797571860357712}
  m_Layer: 0
  m_Name: SmGolemLDigit43
  m_TagString: Untagged
  m_Icon: {fileID: 0}
  m_NavMeshLayer: 0
  m_StaticEditorFlags: 0
  m_IsActive: 1
--- !u!4 &4797571860357712
Transform:
  m_ObjectHideFlags: 0
  m_CorrespondingSourceObject: {fileID: 0}
  m_PrefabInstance: {fileID: 0}
  m_PrefabAsset: {fileID: 0}
  m_GameObject: {fileID: 1495289694303664}
  m_LocalRotation: {x: -0.02678991, y: -0.057325605, z: 0.052404884, w: 0.9966192}
  m_LocalPosition: {x: -0.025859298, y: 0.000000076293944, z: -0.000000028610229}
  m_LocalScale: {x: 0.99999905, y: 1, z: 1.000001}
  m_Children: []
  m_Father: {fileID: 4950581677815480}
  m_RootOrder: 0
  m_LocalEulerAnglesHint: {x: 0, y: 0, z: 0}
--- !u!1 &1510895796442614
GameObject:
  m_ObjectHideFlags: 0
  m_CorrespondingSourceObject: {fileID: 0}
  m_PrefabInstance: {fileID: 0}
  m_PrefabAsset: {fileID: 0}
  serializedVersion: 6
  m_Component:
  - component: {fileID: 4961306167007024}
  m_Layer: 0
  m_Name: SmGolemRDigit52
  m_TagString: Untagged
  m_Icon: {fileID: 0}
  m_NavMeshLayer: 0
  m_StaticEditorFlags: 0
  m_IsActive: 1
--- !u!4 &4961306167007024
Transform:
  m_ObjectHideFlags: 0
  m_CorrespondingSourceObject: {fileID: 0}
  m_PrefabInstance: {fileID: 0}
  m_PrefabAsset: {fileID: 0}
  m_GameObject: {fileID: 1510895796442614}
  m_LocalRotation: {x: 0.076519296, y: 0.08177049, z: 0.093612134, w: 0.98929024}
  m_LocalPosition: {x: -0.018083343, y: 0, z: 0.000000014305114}
  m_LocalScale: {x: 1.0000006, y: 1.0000013, z: 0.99999857}
  m_Children:
  - {fileID: 4022317795438106}
  m_Father: {fileID: 4899823088540656}
  m_RootOrder: 0
  m_LocalEulerAnglesHint: {x: 0, y: 0, z: 0}
--- !u!1 &1511079952058484
GameObject:
  m_ObjectHideFlags: 0
  m_CorrespondingSourceObject: {fileID: 0}
  m_PrefabInstance: {fileID: 0}
  m_PrefabAsset: {fileID: 0}
  serializedVersion: 6
  m_Component:
  - component: {fileID: 4094738114683088}
  m_Layer: 0
  m_Name: SmGolemRPalm
  m_TagString: Untagged
  m_Icon: {fileID: 0}
  m_NavMeshLayer: 0
  m_StaticEditorFlags: 0
  m_IsActive: 1
--- !u!4 &4094738114683088
Transform:
  m_ObjectHideFlags: 0
  m_CorrespondingSourceObject: {fileID: 0}
  m_PrefabInstance: {fileID: 0}
  m_PrefabAsset: {fileID: 0}
  m_GameObject: {fileID: 1511079952058484}
  m_LocalRotation: {x: 0.8423353, y: -0.024495775, z: -0.08016616, w: 0.5323952}
  m_LocalPosition: {x: -0.22067219, y: -0.000000038146972, z: 0.000000076293944}
  m_LocalScale: {x: 0.99999994, y: 1.0000001, z: 1.0000002}
  m_Children:
  - {fileID: 4097632362996738}
  - {fileID: 4051115161115062}
  - {fileID: 4609228671746798}
  - {fileID: 4709556578121200}
  - {fileID: 4899823088540656}
  m_Father: {fileID: 4441407792681008}
  m_RootOrder: 0
  m_LocalEulerAnglesHint: {x: 0, y: 0, z: 0}
--- !u!1 &1514569305782042
GameObject:
  m_ObjectHideFlags: 0
  m_CorrespondingSourceObject: {fileID: 0}
  m_PrefabInstance: {fileID: 0}
  m_PrefabAsset: {fileID: 0}
  serializedVersion: 6
  m_Component:
  - component: {fileID: 4193934384056018}
  m_Layer: 0
  m_Name: SmGolemRThigh
  m_TagString: Untagged
  m_Icon: {fileID: 0}
  m_NavMeshLayer: 0
  m_StaticEditorFlags: 0
  m_IsActive: 1
--- !u!4 &4193934384056018
Transform:
  m_ObjectHideFlags: 0
  m_CorrespondingSourceObject: {fileID: 0}
  m_PrefabInstance: {fileID: 0}
  m_PrefabAsset: {fileID: 0}
  m_GameObject: {fileID: 1514569305782042}
  m_LocalRotation: {x: -0.04191859, y: 0.6311811, z: 0.7737792, w: -0.033450857}
  m_LocalPosition: {x: 0.038647078, y: 0.024301004, z: -0.11557471}
  m_LocalScale: {x: 1, y: 1, z: 1}
  m_Children:
  - {fileID: 4377751988164844}
  m_Father: {fileID: 4364937169560926}
  m_RootOrder: 2
  m_LocalEulerAnglesHint: {x: 0, y: 0, z: 0}
--- !u!1 &1526122972476930
GameObject:
  m_ObjectHideFlags: 0
  m_CorrespondingSourceObject: {fileID: 0}
  m_PrefabInstance: {fileID: 0}
  m_PrefabAsset: {fileID: 0}
  serializedVersion: 6
  m_Component:
  - component: {fileID: 4377751988164844}
  m_Layer: 0
  m_Name: SmGolemRCalf
  m_TagString: Untagged
  m_Icon: {fileID: 0}
  m_NavMeshLayer: 0
  m_StaticEditorFlags: 0
  m_IsActive: 1
--- !u!4 &4377751988164844
Transform:
  m_ObjectHideFlags: 0
  m_CorrespondingSourceObject: {fileID: 0}
  m_PrefabInstance: {fileID: 0}
  m_PrefabAsset: {fileID: 0}
  m_GameObject: {fileID: 1526122972476930}
  m_LocalRotation: {x: -0.0027559302, y: -0.095472224, z: -0.021618705, w: 0.9951935}
  m_LocalPosition: {x: -0.2333031, y: -0.000000047683713, z: -0.000000023841856}
  m_LocalScale: {x: 1.0000004, y: 0.99999994, z: 1}
  m_Children:
  - {fileID: 4702948414617978}
  m_Father: {fileID: 4193934384056018}
  m_RootOrder: 0
  m_LocalEulerAnglesHint: {x: 0, y: 0, z: 0}
--- !u!1 &1550621440234746
GameObject:
  m_ObjectHideFlags: 0
  m_CorrespondingSourceObject: {fileID: 0}
  m_PrefabInstance: {fileID: 0}
  m_PrefabAsset: {fileID: 0}
  serializedVersion: 6
  m_Component:
  - component: {fileID: 4422237328618938}
  m_Layer: 0
  m_Name: SmGolemNeck2
  m_TagString: Untagged
  m_Icon: {fileID: 0}
  m_NavMeshLayer: 0
  m_StaticEditorFlags: 0
  m_IsActive: 1
--- !u!4 &4422237328618938
Transform:
  m_ObjectHideFlags: 0
  m_CorrespondingSourceObject: {fileID: 0}
  m_PrefabInstance: {fileID: 0}
  m_PrefabAsset: {fileID: 0}
  m_GameObject: {fileID: 1550621440234746}
  m_LocalRotation: {x: 0, y: 1.2300171e-14, z: -0, w: 1}
  m_LocalPosition: {x: -0.036308974, y: 0, z: 0}
  m_LocalScale: {x: 1, y: 1, z: 1}
  m_Children:
  - {fileID: 4179232828391172}
  m_Father: {fileID: 4763038207307822}
  m_RootOrder: 0
  m_LocalEulerAnglesHint: {x: 0, y: 0, z: 0}
--- !u!1 &1552543956786886
GameObject:
  m_ObjectHideFlags: 0
  m_CorrespondingSourceObject: {fileID: 0}
  m_PrefabInstance: {fileID: 0}
  m_PrefabAsset: {fileID: 0}
  serializedVersion: 6
  m_Component:
  - component: {fileID: 4571020161746486}
  m_Layer: 0
  m_Name: SmGolemLForearm
  m_TagString: Untagged
  m_Icon: {fileID: 0}
  m_NavMeshLayer: 0
  m_StaticEditorFlags: 0
  m_IsActive: 1
--- !u!4 &4571020161746486
Transform:
  m_ObjectHideFlags: 0
  m_CorrespondingSourceObject: {fileID: 0}
  m_PrefabInstance: {fileID: 0}
  m_PrefabAsset: {fileID: 0}
  m_GameObject: {fileID: 1552543956786886}
  m_LocalRotation: {x: 0.14258213, y: -0.06722773, z: -0.14598022, w: 0.9766476}
  m_LocalPosition: {x: -0.1782337, y: -0.00000028610228, z: -0.00000015258789}
  m_LocalScale: {x: 0.99999946, y: 1.0000002, z: 1.0000006}
  m_Children:
  - {fileID: 4719330663339996}
  m_Father: {fileID: 4540838519089712}
  m_RootOrder: 0
  m_LocalEulerAnglesHint: {x: 0, y: 0, z: 0}
--- !u!1 &1554800235392914
GameObject:
  m_ObjectHideFlags: 0
  m_CorrespondingSourceObject: {fileID: 0}
  m_PrefabInstance: {fileID: 0}
  m_PrefabAsset: {fileID: 0}
  serializedVersion: 6
  m_Component:
  - component: {fileID: 4164626709069798}
  - component: {fileID: 137628009162571202}
  m_Layer: 0
  m_Name: SmGolem 1
  m_TagString: Untagged
  m_Icon: {fileID: 0}
  m_NavMeshLayer: 0
  m_StaticEditorFlags: 0
  m_IsActive: 1
--- !u!4 &4164626709069798
Transform:
  m_ObjectHideFlags: 0
  m_CorrespondingSourceObject: {fileID: 0}
  m_PrefabInstance: {fileID: 0}
  m_PrefabAsset: {fileID: 0}
  m_GameObject: {fileID: 1554800235392914}
  m_LocalRotation: {x: -0.70708025, y: -0.006131224, z: -0.006131224, w: 0.70708025}
  m_LocalPosition: {x: -0.00002361834, y: -0.02929385, z: -0.20095378}
  m_LocalScale: {x: 0.9019824, y: 0.9019823, z: 0.9019823}
  m_Children: []
  m_Father: {fileID: 424120}
  m_RootOrder: 1
  m_LocalEulerAnglesHint: {x: 0, y: 0, z: 0}
--- !u!137 &137628009162571202
SkinnedMeshRenderer:
  m_ObjectHideFlags: 0
  m_CorrespondingSourceObject: {fileID: 0}
  m_PrefabInstance: {fileID: 0}
  m_PrefabAsset: {fileID: 0}
  m_GameObject: {fileID: 1554800235392914}
  m_Enabled: 1
  m_CastShadows: 1
  m_ReceiveShadows: 1
  m_DynamicOccludee: 1
  m_MotionVectors: 1
  m_LightProbeUsage: 1
  m_ReflectionProbeUsage: 1
  m_RenderingLayerMask: 1
  m_RendererPriority: 0
  m_Materials:
  - {fileID: 2100000, guid: 4780167713c37e24ab802fb0f2a10690, type: 2}
  m_StaticBatchInfo:
    firstSubMesh: 0
    subMeshCount: 0
  m_StaticBatchRoot: {fileID: 0}
  m_ProbeAnchor: {fileID: 0}
  m_LightProbeVolumeOverride: {fileID: 0}
  m_ScaleInLightmap: 1
  m_PreserveUVs: 0
  m_IgnoreNormalsForChartDetection: 0
  m_ImportantGI: 0
  m_StitchLightmapSeams: 0
  m_SelectedEditorRenderState: 3
  m_MinimumChartSize: 4
  m_AutoUVMaxDistance: 0.5
  m_AutoUVMaxAngle: 89
  m_LightmapParameters: {fileID: 0}
  m_SortingLayerID: 0
  m_SortingLayer: 0
  m_SortingOrder: 0
  serializedVersion: 2
  m_Quality: 0
  m_UpdateWhenOffscreen: 0
  m_SkinnedMotionVectors: 1
  m_Mesh: {fileID: 4300002, guid: 385bf7654c837bb4aa8e32c2de889164, type: 3}
  m_Bones:
  - {fileID: 4376887308307686}
  - {fileID: 4540838519089712}
  - {fileID: 4179232828391172}
  - {fileID: 4587469493781556}
  - {fileID: 4364937169560926}
  - {fileID: 4763038207307822}
  - {fileID: 4422237328618938}
  - {fileID: 4609478687667170}
  - {fileID: 4867685984881766}
  - {fileID: 4565287814593080}
  - {fileID: 4261879664731248}
  - {fileID: 4277997991079178}
  - {fileID: 4702948414617978}
  - {fileID: 4377751988164844}
  - {fileID: 4037825136427678}
  - {fileID: 4622907829807078}
  - {fileID: 4571020161746486}
  - {fileID: 4175086303823000}
  - {fileID: 4719330663339996}
  - {fileID: 4094738114683088}
  - {fileID: 4441407792681008}
  - {fileID: 4097632362996738}
  - {fileID: 4170879080459320}
  - {fileID: 4648240036164592}
  - {fileID: 4384460205148044}
  - {fileID: 4429077853362498}
  - {fileID: 4659253901953720}
  - {fileID: 4683806617496358}
  - {fileID: 4538976883526998}
  - {fileID: 4534804697231664}
  - {fileID: 4023831879480660}
  - {fileID: 4950581677815480}
  - {fileID: 4451341145317194}
  - {fileID: 4797571860357712}
  - {fileID: 4404690389439168}
  - {fileID: 4051115161115062}
  - {fileID: 4609228671746798}
  - {fileID: 4462491139240912}
  - {fileID: 4733346377172516}
  - {fileID: 4878667006939718}
  - {fileID: 4899823088540656}
  - {fileID: 4961306167007024}
  - {fileID: 4709556578121200}
  - {fileID: 4022317795438106}
  - {fileID: 4212338794359064}
  - {fileID: 4963235019829072}
  - {fileID: 4350637107366232}
  - {fileID: 4663585057785570}
  - {fileID: 4193934384056018}
  m_BlendShapeWeights: []
  m_RootBone: {fileID: 4364937169560926}
  m_AABB:
    m_Center: {x: 0.004614383, y: -0.011550888, z: -0.0011365712}
    m_Extent: {x: 0.5452266, y: 0.2124029, z: 0.7553787}
  m_DirtyAABB: 0
--- !u!1 &1561053262512704
GameObject:
  m_ObjectHideFlags: 0
  m_CorrespondingSourceObject: {fileID: 0}
  m_PrefabInstance: {fileID: 0}
  m_PrefabAsset: {fileID: 0}
  serializedVersion: 6
  m_Component:
  - component: {fileID: 4709556578121200}
  m_Layer: 0
  m_Name: SmGolemRDigit41
  m_TagString: Untagged
  m_Icon: {fileID: 0}
  m_NavMeshLayer: 0
  m_StaticEditorFlags: 0
  m_IsActive: 1
--- !u!4 &4709556578121200
Transform:
  m_ObjectHideFlags: 0
  m_CorrespondingSourceObject: {fileID: 0}
  m_PrefabInstance: {fileID: 0}
  m_PrefabAsset: {fileID: 0}
  m_GameObject: {fileID: 1561053262512704}
  m_LocalRotation: {x: 0.09404076, y: 0.09842418, z: 0.07556704, w: 0.98780495}
  m_LocalPosition: {x: -0.07069325, y: -0.005885544, z: 0.012139168}
  m_LocalScale: {x: 1.0000005, y: 1.0000007, z: 0.99999917}
  m_Children:
  - {fileID: 4212338794359064}
  m_Father: {fileID: 4094738114683088}
  m_RootOrder: 3
  m_LocalEulerAnglesHint: {x: 0, y: 0, z: 0}
--- !u!1 &1589537195641332
GameObject:
  m_ObjectHideFlags: 0
  m_CorrespondingSourceObject: {fileID: 0}
  m_PrefabInstance: {fileID: 0}
  m_PrefabAsset: {fileID: 0}
  serializedVersion: 6
  m_Component:
  - component: {fileID: 4805027775023812}
  m_Layer: 0
  m_Name: SmGolemRUpVectorNode 1
  m_TagString: Untagged
  m_Icon: {fileID: 0}
  m_NavMeshLayer: 0
  m_StaticEditorFlags: 0
  m_IsActive: 1
--- !u!4 &4805027775023812
Transform:
  m_ObjectHideFlags: 0
  m_CorrespondingSourceObject: {fileID: 0}
  m_PrefabInstance: {fileID: 0}
  m_PrefabAsset: {fileID: 0}
  m_GameObject: {fileID: 1589537195641332}
  m_LocalRotation: {x: 2.162214e-21, y: 0, z: -0, w: 1}
  m_LocalPosition: {x: 0.007689514, y: -0.23052393, z: -0.3378424}
  m_LocalScale: {x: 1, y: 1, z: 1}
  m_Children: []
  m_Father: {fileID: 4376887308307686}
  m_RootOrder: 4
  m_LocalEulerAnglesHint: {x: 0, y: 0, z: 0}
--- !u!1 &1619103197667902
GameObject:
  m_ObjectHideFlags: 0
  m_CorrespondingSourceObject: {fileID: 0}
  m_PrefabInstance: {fileID: 0}
  m_PrefabAsset: {fileID: 0}
  serializedVersion: 6
  m_Component:
  - component: {fileID: 4037825136427678}
  m_Layer: 0
  m_Name: SmGolemLDigit12
  m_TagString: Untagged
  m_Icon: {fileID: 0}
  m_NavMeshLayer: 0
  m_StaticEditorFlags: 0
  m_IsActive: 1
--- !u!4 &4037825136427678
Transform:
  m_ObjectHideFlags: 0
  m_CorrespondingSourceObject: {fileID: 0}
  m_PrefabInstance: {fileID: 0}
  m_PrefabAsset: {fileID: 0}
  m_GameObject: {fileID: 1619103197667902}
  m_LocalRotation: {x: -0.036851067, y: 0.07290232, z: 0.06247386, w: 0.9946981}
  m_LocalPosition: {x: -0.016165465, y: 0.000000076293944, z: 0}
  m_LocalScale: {x: 0.9999986, y: 1.0000002, z: 1.000001}
  m_Children:
  - {fileID: 4622907829807078}
  m_Father: {fileID: 4175086303823000}
  m_RootOrder: 0
  m_LocalEulerAnglesHint: {x: 0, y: 0, z: 0}
--- !u!1 &1694066818324354
GameObject:
  m_ObjectHideFlags: 0
  m_CorrespondingSourceObject: {fileID: 0}
  m_PrefabInstance: {fileID: 0}
  m_PrefabAsset: {fileID: 0}
  serializedVersion: 6
  m_Component:
  - component: {fileID: 4179232828391172}
  m_Layer: 0
  m_Name: SmGolemHead
  m_TagString: Untagged
  m_Icon: {fileID: 0}
  m_NavMeshLayer: 0
  m_StaticEditorFlags: 0
  m_IsActive: 1
--- !u!4 &4179232828391172
Transform:
  m_ObjectHideFlags: 0
  m_CorrespondingSourceObject: {fileID: 0}
  m_PrefabInstance: {fileID: 0}
  m_PrefabAsset: {fileID: 0}
  m_GameObject: {fileID: 1694066818324354}
  m_LocalRotation: {x: -7.1054274e-15, y: -1.3271574e-14, z: -7.1054274e-15, w: 1}
  m_LocalPosition: {x: -0.036308974, y: -0.000000009536743, z: 2.2737367e-15}
  m_LocalScale: {x: 1, y: 1, z: 1}
  m_Children: []
  m_Father: {fileID: 4422237328618938}
  m_RootOrder: 0
  m_LocalEulerAnglesHint: {x: 0, y: 0, z: 0}
--- !u!1 &1718372135687900
GameObject:
  m_ObjectHideFlags: 0
  m_CorrespondingSourceObject: {fileID: 0}
  m_PrefabInstance: {fileID: 0}
  m_PrefabAsset: {fileID: 0}
  serializedVersion: 6
  m_Component:
  - component: {fileID: 4733346377172516}
  m_Layer: 0
  m_Name: SmGolemRDigit23
  m_TagString: Untagged
  m_Icon: {fileID: 0}
  m_NavMeshLayer: 0
  m_StaticEditorFlags: 0
  m_IsActive: 1
--- !u!4 &4733346377172516
Transform:
  m_ObjectHideFlags: 0
  m_CorrespondingSourceObject: {fileID: 0}
  m_PrefabInstance: {fileID: 0}
  m_PrefabAsset: {fileID: 0}
  m_GameObject: {fileID: 1718372135687900}
  m_LocalRotation: {x: -0.0012965851, y: -0.029414326, z: 0.10148924, w: 0.99440086}
  m_LocalPosition: {x: -0.023749981, y: 0.000000076293944, z: 0}
  m_LocalScale: {x: 1.0000002, y: 0.99999934, z: 1.0000008}
  m_Children: []
  m_Father: {fileID: 4878667006939718}
  m_RootOrder: 0
  m_LocalEulerAnglesHint: {x: 0, y: 0, z: 0}
--- !u!1 &1721321413078768
GameObject:
  m_ObjectHideFlags: 0
  m_CorrespondingSourceObject: {fileID: 0}
  m_PrefabInstance: {fileID: 0}
  m_PrefabAsset: {fileID: 0}
  serializedVersion: 6
  m_Component:
  - component: {fileID: 4702948414617978}
  m_Layer: 0
  m_Name: SmGolemRFoot
  m_TagString: Untagged
  m_Icon: {fileID: 0}
  m_NavMeshLayer: 0
  m_StaticEditorFlags: 0
  m_IsActive: 1
--- !u!4 &4702948414617978
Transform:
  m_ObjectHideFlags: 0
  m_CorrespondingSourceObject: {fileID: 0}
  m_PrefabInstance: {fileID: 0}
  m_PrefabAsset: {fileID: 0}
  m_GameObject: {fileID: 1721321413078768}
  m_LocalRotation: {x: 0.5331416, y: 0.5660879, z: -0.4461266, w: 0.44302994}
  m_LocalPosition: {x: -0.23851635, y: 0, z: 0}
  m_LocalScale: {x: 1.0000001, y: 0.99999976, z: 1}
  m_Children: []
  m_Father: {fileID: 4377751988164844}
  m_RootOrder: 0
  m_LocalEulerAnglesHint: {x: 0, y: 0, z: 0}
--- !u!1 &1741722960939726
GameObject:
  m_ObjectHideFlags: 0
  m_CorrespondingSourceObject: {fileID: 0}
  m_PrefabInstance: {fileID: 0}
  m_PrefabAsset: {fileID: 0}
  serializedVersion: 6
  m_Component:
  - component: {fileID: 4175086303823000}
  m_Layer: 0
  m_Name: SmGolemLDigit11
  m_TagString: Untagged
  m_Icon: {fileID: 0}
  m_NavMeshLayer: 0
  m_StaticEditorFlags: 0
  m_IsActive: 1
--- !u!4 &4175086303823000
Transform:
  m_ObjectHideFlags: 0
  m_CorrespondingSourceObject: {fileID: 0}
  m_PrefabInstance: {fileID: 0}
  m_PrefabAsset: {fileID: 0}
  m_GameObject: {fileID: 1741722960939726}
  m_LocalRotation: {x: 0.21141374, y: 0.35541594, z: 0.008449618, w: 0.9104462}
  m_LocalPosition: {x: -0.01786228, y: 0, z: 0.025602559}
  m_LocalScale: {x: 0.999999, y: 0.9999997, z: 1.0000012}
  m_Children:
  - {fileID: 4037825136427678}
  m_Father: {fileID: 4719330663339996}
  m_RootOrder: 0
  m_LocalEulerAnglesHint: {x: 0, y: 0, z: 0}
--- !u!1 &1750078553541384
GameObject:
  m_ObjectHideFlags: 0
  m_CorrespondingSourceObject: {fileID: 0}
  m_PrefabInstance: {fileID: 0}
  m_PrefabAsset: {fileID: 0}
  serializedVersion: 6
  m_Component:
  - component: {fileID: 4648240036164592}
  m_Layer: 0
  m_Name: SmGolemRDigit13
  m_TagString: Untagged
  m_Icon: {fileID: 0}
  m_NavMeshLayer: 0
  m_StaticEditorFlags: 0
  m_IsActive: 1
--- !u!4 &4648240036164592
Transform:
  m_ObjectHideFlags: 0
  m_CorrespondingSourceObject: {fileID: 0}
  m_PrefabInstance: {fileID: 0}
  m_PrefabAsset: {fileID: 0}
  m_GameObject: {fileID: 1750078553541384}
  m_LocalRotation: {x: 0.049680874, y: -0.056737434, z: 0.10368268, w: 0.99174726}
  m_LocalPosition: {x: -0.021808624, y: -0.000000076293944, z: 0}
  m_LocalScale: {x: 1.0000013, y: 0.99999666, z: 1.0000025}
  m_Children: []
  m_Father: {fileID: 4170879080459320}
  m_RootOrder: 0
  m_LocalEulerAnglesHint: {x: 0, y: 0, z: 0}
--- !u!1 &1760684382816510
GameObject:
  m_ObjectHideFlags: 0
  m_CorrespondingSourceObject: {fileID: 0}
  m_PrefabInstance: {fileID: 0}
  m_PrefabAsset: {fileID: 0}
  serializedVersion: 6
  m_Component:
  - component: {fileID: 4441407792681008}
  m_Layer: 0
  m_Name: SmGolemRForearm
  m_TagString: Untagged
  m_Icon: {fileID: 0}
  m_NavMeshLayer: 0
  m_StaticEditorFlags: 0
  m_IsActive: 1
--- !u!4 &4441407792681008
Transform:
  m_ObjectHideFlags: 0
  m_CorrespondingSourceObject: {fileID: 0}
  m_PrefabInstance: {fileID: 0}
  m_PrefabAsset: {fileID: 0}
  m_GameObject: {fileID: 1760684382816510}
  m_LocalRotation: {x: -0.08915759, y: 0.0705174, z: -0.10731158, w: 0.98770565}
  m_LocalPosition: {x: -0.19957097, y: -0.000000038146972, z: 0}
  m_LocalScale: {x: 0.99999994, y: 1.0000001, z: 1.0000001}
  m_Children:
  - {fileID: 4094738114683088}
  m_Father: {fileID: 4565287814593080}
  m_RootOrder: 0
  m_LocalEulerAnglesHint: {x: 0, y: 0, z: 0}
--- !u!1 &1803227794878786
GameObject:
  m_ObjectHideFlags: 0
  m_CorrespondingSourceObject: {fileID: 0}
  m_PrefabInstance: {fileID: 0}
  m_PrefabAsset: {fileID: 0}
  serializedVersion: 6
  m_Component:
  - component: {fileID: 4757901161388000}
  m_Layer: 0
  m_Name: SmGolemRUpVectorNode
  m_TagString: Untagged
  m_Icon: {fileID: 0}
  m_NavMeshLayer: 0
  m_StaticEditorFlags: 0
  m_IsActive: 1
--- !u!4 &4757901161388000
Transform:
  m_ObjectHideFlags: 0
  m_CorrespondingSourceObject: {fileID: 0}
  m_PrefabInstance: {fileID: 0}
  m_PrefabAsset: {fileID: 0}
  m_GameObject: {fileID: 1803227794878786}
  m_LocalRotation: {x: -1.27814426e-14, y: -3.907985e-14, z: -4.9949686e-28, w: 1}
  m_LocalPosition: {x: 0.26751992, y: 0.26066524, z: -0.113829814}
  m_LocalScale: {x: 1, y: 1, z: 1}
  m_Children: []
  m_Father: {fileID: 4364937169560926}
  m_RootOrder: 3
  m_LocalEulerAnglesHint: {x: 0, y: 0, z: 0}
--- !u!1 &1812353224713262
GameObject:
  m_ObjectHideFlags: 0
  m_CorrespondingSourceObject: {fileID: 0}
  m_PrefabInstance: {fileID: 0}
  m_PrefabAsset: {fileID: 0}
  serializedVersion: 6
  m_Component:
  - component: {fileID: 4445725025477890}
  m_Layer: 0
  m_Name: SmGolemLDigit33
  m_TagString: Untagged
  m_Icon: {fileID: 0}
  m_NavMeshLayer: 0
  m_StaticEditorFlags: 0
  m_IsActive: 1
--- !u!4 &4445725025477890
Transform:
  m_ObjectHideFlags: 0
  m_CorrespondingSourceObject: {fileID: 0}
  m_PrefabInstance: {fileID: 0}
  m_PrefabAsset: {fileID: 0}
  m_GameObject: {fileID: 1812353224713262}
  m_LocalRotation: {x: -0.018953932, y: -0.03060819, z: 0.06945832, w: 0.996935}
  m_LocalPosition: {x: -0.024695816, y: 0.000000076293944, z: -0.000000019073486}
  m_LocalScale: {x: 0.99999845, y: 1.0000006, z: 1.0000011}
  m_Children: []
  m_Father: {fileID: 4404690389439168}
  m_RootOrder: 0
  m_LocalEulerAnglesHint: {x: 0, y: 0, z: 0}
--- !u!1 &1812756010760056
GameObject:
  m_ObjectHideFlags: 0
  m_CorrespondingSourceObject: {fileID: 0}
  m_PrefabInstance: {fileID: 0}
  m_PrefabAsset: {fileID: 0}
  serializedVersion: 6
  m_Component:
  - component: {fileID: 4277997991079178}
  m_Layer: 0
  m_Name: SmGolemLCalf
  m_TagString: Untagged
  m_Icon: {fileID: 0}
  m_NavMeshLayer: 0
  m_StaticEditorFlags: 0
  m_IsActive: 1
--- !u!4 &4277997991079178
Transform:
  m_ObjectHideFlags: 0
  m_CorrespondingSourceObject: {fileID: 0}
  m_PrefabInstance: {fileID: 0}
  m_PrefabAsset: {fileID: 0}
  m_GameObject: {fileID: 1812756010760056}
  m_LocalRotation: {x: 0.0025082752, y: 0.111660995, z: -0.034815762, w: 0.9931331}
  m_LocalPosition: {x: -0.22925878, y: -0.000000019073486, z: 0.00000012636184}
  m_LocalScale: {x: 1.0000004, y: 0.9999999, z: 0.9999999}
  m_Children:
  - {fileID: 4261879664731248}
  m_Father: {fileID: 4663585057785570}
  m_RootOrder: 0
  m_LocalEulerAnglesHint: {x: 0, y: 0, z: 0}
--- !u!1 &1860317301248558
GameObject:
  m_ObjectHideFlags: 0
  m_CorrespondingSourceObject: {fileID: 0}
  m_PrefabInstance: {fileID: 0}
  m_PrefabAsset: {fileID: 0}
  serializedVersion: 6
  m_Component:
  - component: {fileID: 4719330663339996}
  m_Layer: 0
  m_Name: SmGolemLPalm
  m_TagString: Untagged
  m_Icon: {fileID: 0}
  m_NavMeshLayer: 0
  m_StaticEditorFlags: 0
  m_IsActive: 1
--- !u!4 &4719330663339996
Transform:
  m_ObjectHideFlags: 0
  m_CorrespondingSourceObject: {fileID: 0}
  m_PrefabInstance: {fileID: 0}
  m_PrefabAsset: {fileID: 0}
  m_GameObject: {fileID: 1860317301248558}
  m_LocalRotation: {x: 0.8739639, y: -0.03284857, z: 0.021933394, w: -0.4843831}
  m_LocalPosition: {x: -0.23264827, y: -0.00000034332274, z: -0.00000022888183}
  m_LocalScale: {x: 0.99999917, y: 0.99999946, z: 1.0000014}
  m_Children:
  - {fileID: 4175086303823000}
  - {fileID: 4429077853362498}
  - {fileID: 4683806617496358}
  - {fileID: 4538976883526998}
  - {fileID: 4023831879480660}
  m_Father: {fileID: 4571020161746486}
  m_RootOrder: 0
  m_LocalEulerAnglesHint: {x: 0, y: 0, z: 0}
--- !u!1 &1888158790057782
GameObject:
  m_ObjectHideFlags: 0
  m_CorrespondingSourceObject: {fileID: 0}
  m_PrefabInstance: {fileID: 0}
  m_PrefabAsset: {fileID: 0}
  serializedVersion: 6
  m_Component:
  - component: {fileID: 4867685984881766}
  m_Layer: 0
  m_Name: SmGolemRCollarbone
  m_TagString: Untagged
  m_Icon: {fileID: 0}
  m_NavMeshLayer: 0
  m_StaticEditorFlags: 0
  m_IsActive: 1
--- !u!4 &4867685984881766
Transform:
  m_ObjectHideFlags: 0
  m_CorrespondingSourceObject: {fileID: 0}
  m_PrefabInstance: {fileID: 0}
  m_PrefabAsset: {fileID: 0}
  m_GameObject: {fileID: 1888158790057782}
  m_LocalRotation: {x: 0.052258704, y: -0.6051503, z: 0.048751667, w: 0.7928969}
  m_LocalPosition: {x: 0.009046859, y: 0.052902315, z: -0.015694922}
  m_LocalScale: {x: 1, y: 1, z: 1}
  m_Children:
  - {fileID: 4565287814593080}
  m_Father: {fileID: 4376887308307686}
  m_RootOrder: 3
  m_LocalEulerAnglesHint: {x: 0, y: 0, z: 0}
--- !u!1 &1888933743502202
GameObject:
  m_ObjectHideFlags: 0
  m_CorrespondingSourceObject: {fileID: 0}
  m_PrefabInstance: {fileID: 0}
  m_PrefabAsset: {fileID: 0}
  serializedVersion: 6
  m_Component:
  - component: {fileID: 4023831879480660}
  m_Layer: 0
  m_Name: SmGolemLDigit51
  m_TagString: Untagged
  m_Icon: {fileID: 0}
  m_NavMeshLayer: 0
  m_StaticEditorFlags: 0
  m_IsActive: 1
--- !u!4 &4023831879480660
Transform:
  m_ObjectHideFlags: 0
  m_CorrespondingSourceObject: {fileID: 0}
  m_PrefabInstance: {fileID: 0}
  m_PrefabAsset: {fileID: 0}
  m_GameObject: {fileID: 1888933743502202}
  m_LocalRotation: {x: -0.01383186, y: -0.061017573, z: 0.05325128, w: 0.9966192}
  m_LocalPosition: {x: -0.0595409, y: 0.000000076293944, z: -0.025602616}
  m_LocalScale: {x: 0.99999905, y: 0.99999964, z: 1.0000013}
  m_Children:
  - {fileID: 4451341145317194}
  m_Father: {fileID: 4719330663339996}
  m_RootOrder: 4
  m_LocalEulerAnglesHint: {x: 0, y: 0, z: 0}
--- !u!1 &1896354863308248
GameObject:
  m_ObjectHideFlags: 0
  m_CorrespondingSourceObject: {fileID: 0}
  m_PrefabInstance: {fileID: 0}
  m_PrefabAsset: {fileID: 0}
  serializedVersion: 6
  m_Component:
  - component: {fileID: 4663585057785570}
  m_Layer: 0
  m_Name: SmGolemLThigh
  m_TagString: Untagged
  m_Icon: {fileID: 0}
  m_NavMeshLayer: 0
  m_StaticEditorFlags: 0
  m_IsActive: 1
--- !u!4 &4663585057785570
Transform:
  m_ObjectHideFlags: 0
  m_CorrespondingSourceObject: {fileID: 0}
  m_PrefabInstance: {fileID: 0}
  m_PrefabAsset: {fileID: 0}
  m_GameObject: {fileID: 1896354863308248}
  m_LocalRotation: {x: 0.05137049, y: -0.5896364, z: 0.80498296, w: -0.04114004}
  m_LocalPosition: {x: 0.044055022, y: 0.024282238, z: 0.1226456}
  m_LocalScale: {x: 1, y: 1, z: 1}
  m_Children:
  - {fileID: 4277997991079178}
  m_Father: {fileID: 4364937169560926}
  m_RootOrder: 0
  m_LocalEulerAnglesHint: {x: 0, y: 0, z: 0}
--- !u!1 &1903770562552796
GameObject:
  m_ObjectHideFlags: 0
  m_CorrespondingSourceObject: {fileID: 0}
  m_PrefabInstance: {fileID: 0}
  m_PrefabAsset: {fileID: 0}
  serializedVersion: 6
  m_Component:
  - component: {fileID: 4261879664731248}
  m_Layer: 0
  m_Name: SmGolemLFoot
  m_TagString: Untagged
  m_Icon: {fileID: 0}
  m_NavMeshLayer: 0
  m_StaticEditorFlags: 0
  m_IsActive: 1
--- !u!4 &4261879664731248
Transform:
  m_ObjectHideFlags: 0
  m_CorrespondingSourceObject: {fileID: 0}
  m_PrefabInstance: {fileID: 0}
  m_PrefabAsset: {fileID: 0}
  m_GameObject: {fileID: 1903770562552796}
  m_LocalRotation: {x: 0.55000716, y: 0.5944073, z: 0.41684937, w: -0.41280586}
  m_LocalPosition: {x: -0.2324065, y: 0, z: 0}
  m_LocalScale: {x: 0.9999999, y: 0.9999997, z: 0.99999994}
  m_Children: []
  m_Father: {fileID: 4277997991079178}
  m_RootOrder: 0
  m_LocalEulerAnglesHint: {x: 0, y: 0, z: 0}
--- !u!1 &1914662538692574
GameObject:
  m_ObjectHideFlags: 0
  m_CorrespondingSourceObject: {fileID: 0}
  m_PrefabInstance: {fileID: 0}
  m_PrefabAsset: {fileID: 0}
  serializedVersion: 6
  m_Component:
  - component: {fileID: 4451341145317194}
  m_Layer: 0
  m_Name: SmGolemLDigit52
  m_TagString: Untagged
  m_Icon: {fileID: 0}
  m_NavMeshLayer: 0
  m_StaticEditorFlags: 0
  m_IsActive: 1
--- !u!4 &4451341145317194
Transform:
  m_ObjectHideFlags: 0
  m_CorrespondingSourceObject: {fileID: 0}
  m_PrefabInstance: {fileID: 0}
  m_PrefabAsset: {fileID: 0}
  m_GameObject: {fileID: 1914662538692574}
  m_LocalRotation: {x: -0.020416208, y: -0.0595489, z: 0.052794732, w: 0.9966192}
  m_LocalPosition: {x: -0.017332496, y: 0, z: -0.000000014305114}
  m_LocalScale: {x: 0.999999, y: 0.9999999, z: 1.0000011}
  m_Children:
  - {fileID: 4534804697231664}
  m_Father: {fileID: 4023831879480660}
  m_RootOrder: 0
  m_LocalEulerAnglesHint: {x: 0, y: 0, z: 0}
--- !u!1 &1945305007620130
GameObject:
  m_ObjectHideFlags: 0
  m_CorrespondingSourceObject: {fileID: 0}
  m_PrefabInstance: {fileID: 0}
  m_PrefabAsset: {fileID: 0}
  serializedVersion: 6
  m_Component:
  - component: {fileID: 4587469493781556}
  m_Layer: 0
  m_Name: SmGolemLCollarbone
  m_TagString: Untagged
  m_Icon: {fileID: 0}
  m_NavMeshLayer: 0
  m_StaticEditorFlags: 0
  m_IsActive: 1
--- !u!4 &4587469493781556
Transform:
  m_ObjectHideFlags: 0
  m_CorrespondingSourceObject: {fileID: 0}
  m_PrefabInstance: {fileID: 0}
  m_PrefabAsset: {fileID: 0}
  m_GameObject: {fileID: 1945305007620130}
  m_LocalRotation: {x: 0.0086780405, y: 0.5998368, z: 0.0955528, w: 0.7943489}
  m_LocalPosition: {x: 0.009046859, y: 0.052902326, z: 0.015694922}
  m_LocalScale: {x: 1, y: 1, z: 1}
  m_Children:
  - {fileID: 4540838519089712}
  m_Father: {fileID: 4376887308307686}
  m_RootOrder: 0
  m_LocalEulerAnglesHint: {x: 0, y: 0, z: 0}
--- !u!1 &1965802852138866
GameObject:
  m_ObjectHideFlags: 0
  m_CorrespondingSourceObject: {fileID: 0}
  m_PrefabInstance: {fileID: 0}
  m_PrefabAsset: {fileID: 0}
  serializedVersion: 6
  m_Component:
  - component: {fileID: 4384460205148044}
  m_Layer: 0
  m_Name: SmGolemLDigit23
  m_TagString: Untagged
  m_Icon: {fileID: 0}
  m_NavMeshLayer: 0
  m_StaticEditorFlags: 0
  m_IsActive: 1
--- !u!4 &4384460205148044
Transform:
  m_ObjectHideFlags: 0
  m_CorrespondingSourceObject: {fileID: 0}
  m_PrefabInstance: {fileID: 0}
  m_PrefabAsset: {fileID: 0}
  m_GameObject: {fileID: 1965802852138866}
  m_LocalRotation: {x: -0.004846393, y: -0.0037530104, z: 0.05782031, w: 0.9983082}
  m_LocalPosition: {x: -0.023437766, y: 0, z: -0.000000019073486}
  m_LocalScale: {x: 0.99999815, y: 1.0000005, z: 1.0000013}
  m_Children: []
  m_Father: {fileID: 4659253901953720}
  m_RootOrder: 0
  m_LocalEulerAnglesHint: {x: 0, y: 0, z: 0}
--- !u!1 &1978723027575320
GameObject:
  m_ObjectHideFlags: 0
  m_CorrespondingSourceObject: {fileID: 0}
  m_PrefabInstance: {fileID: 0}
  m_PrefabAsset: {fileID: 0}
  serializedVersion: 6
  m_Component:
  - component: {fileID: 4609228671746798}
  m_Layer: 0
  m_Name: SmGolemRDigit31
  m_TagString: Untagged
  m_Icon: {fileID: 0}
  m_NavMeshLayer: 0
  m_StaticEditorFlags: 0
  m_IsActive: 1
--- !u!4 &4609228671746798
Transform:
  m_ObjectHideFlags: 0
  m_CorrespondingSourceObject: {fileID: 0}
  m_PrefabInstance: {fileID: 0}
  m_PrefabAsset: {fileID: 0}
  m_GameObject: {fileID: 1978723027575320}
  m_LocalRotation: {x: 0.015314866, y: 0.02524897, z: 0.13037108, w: 0.9910254}
  m_LocalPosition: {x: -0.08400745, y: -0.002524948, z: -0.0121389385}
  m_LocalScale: {x: 1.0000002, y: 1.0000001, z: 0.99999994}
  m_Children:
  - {fileID: 4462491139240912}
  m_Father: {fileID: 4094738114683088}
  m_RootOrder: 2
  m_LocalEulerAnglesHint: {x: 0, y: 0, z: 0}
