%YAML 1.1
%TAG !u! tag:unity3d.com,2011:
--- !u!1 &3753385894755954626
GameObject:
  m_ObjectHideFlags: 0
  m_CorrespondingSourceObject: {fileID: 0}
  m_PrefabInstance: {fileID: 0}
  m_PrefabAsset: {fileID: 0}
  serializedVersion: 6
  m_Component:
  - component: {fileID: 3753385894755954636}
  - component: {fileID: 3753385894755954627}
  - component: {fileID: 1404869179}
  - component: {fileID: 6051703248457848796}
  m_Layer: 0
  m_Name: plantAoeObject
  m_TagString: Untagged
  m_Icon: {fileID: 0}
  m_NavMeshLayer: 0
  m_StaticEditorFlags: 0
  m_IsActive: 1
--- !u!4 &3753385894755954636
Transform:
  m_ObjectHideFlags: 0
  m_CorrespondingSourceObject: {fileID: 0}
  m_PrefabInstance: {fileID: 0}
  m_PrefabAsset: {fileID: 0}
  m_GameObject: {fileID: 3753385894755954626}
  m_LocalRotation: {x: 0, y: 0, z: 0, w: 1}
  m_LocalPosition: {x: 227.62, y: 0, z: 367.71}
  m_LocalScale: {x: 1, y: 1, z: 1}
  m_Children:
  - {fileID: 3754223597398215834}
  - {fileID: 3748715775996306947}
  - {fileID: 3754223598496991213}
  - {fileID: 3754223597569974345}
  - {fileID: 3748715777415322769}
  m_Father: {fileID: 0}
  m_RootOrder: 0
  m_LocalEulerAnglesHint: {x: 0, y: 0, z: 0}
--- !u!135 &3753385894755954627
SphereCollider:
  m_ObjectHideFlags: 0
  m_CorrespondingSourceObject: {fileID: 0}
  m_PrefabInstance: {fileID: 0}
  m_PrefabAsset: {fileID: 0}
  m_GameObject: {fileID: 3753385894755954626}
  m_Material: {fileID: 0}
  m_IsTrigger: 1
  m_Enabled: 1
  serializedVersion: 2
  m_Radius: 2.47
  m_Center: {x: 0, y: 0, z: 0}
--- !u!114 &1404869179
MonoBehaviour:
  m_ObjectHideFlags: 0
  m_CorrespondingSourceObject: {fileID: 0}
  m_PrefabInstance: {fileID: 0}
  m_PrefabAsset: {fileID: 0}
  m_GameObject: {fileID: 3753385894755954626}
  m_Enabled: 1
  m_EditorHideFlags: 0
  m_Script: {fileID: 11500000, guid: 2c9ab3b35977f4eddb0154f1f795c7b2, type: 3}
  m_Name: 
  m_EditorClassIdentifier: 
  damage: 1
  source: {fileID: 0}
--- !u!114 &6051703248457848796
MonoBehaviour:
  m_ObjectHideFlags: 0
  m_CorrespondingSourceObject: {fileID: 0}
  m_PrefabInstance: {fileID: 0}
  m_PrefabAsset: {fileID: 0}
  m_GameObject: {fileID: 3753385894755954626}
  m_Enabled: 1
  m_EditorHideFlags: 0
  m_Script: {fileID: 11500000, guid: b2868b235bd6b4a6a85fc373c008a8a5, type: 3}
  m_Name: 
  m_EditorClassIdentifier: 
  lifetime: 5
--- !u!1001 &3753385894429583499
PrefabInstance:
  m_ObjectHideFlags: 0
  serializedVersion: 2
  m_Modification:
    m_TransformParent: {fileID: 3753385894755954636}
    m_Modifications:
    - target: {fileID: 1232180604937776, guid: 2a6e0377850c8654c85590a27f9e0631, type: 3}
      propertyPath: m_Name
      value: poison_floor_aura (1)
      objectReference: {fileID: 0}
    - target: {fileID: 4251731833827174, guid: 2a6e0377850c8654c85590a27f9e0631, type: 3}
      propertyPath: m_LocalPosition.x
      value: 0.64999866
      objectReference: {fileID: 0}
    - target: {fileID: 4251731833827174, guid: 2a6e0377850c8654c85590a27f9e0631, type: 3}
      propertyPath: m_LocalPosition.y
      value: 0.43
      objectReference: {fileID: 0}
    - target: {fileID: 4251731833827174, guid: 2a6e0377850c8654c85590a27f9e0631, type: 3}
      propertyPath: m_LocalPosition.z
      value: 0.9100256
      objectReference: {fileID: 0}
    - target: {fileID: 4251731833827174, guid: 2a6e0377850c8654c85590a27f9e0631, type: 3}
      propertyPath: m_LocalRotation.x
      value: -0
      objectReference: {fileID: 0}
    - target: {fileID: 4251731833827174, guid: 2a6e0377850c8654c85590a27f9e0631, type: 3}
      propertyPath: m_LocalRotation.y
      value: -0
      objectReference: {fileID: 0}
    - target: {fileID: 4251731833827174, guid: 2a6e0377850c8654c85590a27f9e0631, type: 3}
      propertyPath: m_LocalRotation.z
      value: -0
      objectReference: {fileID: 0}
    - target: {fileID: 4251731833827174, guid: 2a6e0377850c8654c85590a27f9e0631, type: 3}
      propertyPath: m_LocalRotation.w
      value: 1
      objectReference: {fileID: 0}
    - target: {fileID: 4251731833827174, guid: 2a6e0377850c8654c85590a27f9e0631, type: 3}
      propertyPath: m_RootOrder
      value: 2
      objectReference: {fileID: 0}
    - target: {fileID: 4251731833827174, guid: 2a6e0377850c8654c85590a27f9e0631, type: 3}
      propertyPath: m_LocalEulerAnglesHint.x
      value: 0
      objectReference: {fileID: 0}
    - target: {fileID: 4251731833827174, guid: 2a6e0377850c8654c85590a27f9e0631, type: 3}
      propertyPath: m_LocalEulerAnglesHint.y
      value: 0
      objectReference: {fileID: 0}
    - target: {fileID: 4251731833827174, guid: 2a6e0377850c8654c85590a27f9e0631, type: 3}
      propertyPath: m_LocalEulerAnglesHint.z
      value: 0
      objectReference: {fileID: 0}
    m_RemovedComponents: []
  m_SourcePrefab: {fileID: 100100000, guid: 2a6e0377850c8654c85590a27f9e0631, type: 3}
--- !u!4 &3754223598496991213 stripped
Transform:
  m_CorrespondingSourceObject: {fileID: 4251731833827174, guid: 2a6e0377850c8654c85590a27f9e0631,
    type: 3}
  m_PrefabInstance: {fileID: 3753385894429583499}
  m_PrefabAsset: {fileID: 0}
--- !u!1001 &3753385894548764269
PrefabInstance:
  m_ObjectHideFlags: 0
  serializedVersion: 2
  m_Modification:
    m_TransformParent: {fileID: 3753385894755954636}
    m_Modifications:
    - target: {fileID: 1025997511484594, guid: 987034b940598cc4aa5baefba14e3ee8, type: 3}
      propertyPath: m_Name
      value: poison_floor_massive_aura (1)
      objectReference: {fileID: 0}
    - target: {fileID: 4690202554821372, guid: 987034b940598cc4aa5baefba14e3ee8, type: 3}
      propertyPath: m_LocalPosition.x
      value: -0.080001354
      objectReference: {fileID: 0}
    - target: {fileID: 4690202554821372, guid: 987034b940598cc4aa5baefba14e3ee8, type: 3}
      propertyPath: m_LocalPosition.y
      value: 0.33
      objectReference: {fileID: 0}
    - target: {fileID: 4690202554821372, guid: 987034b940598cc4aa5baefba14e3ee8, type: 3}
      propertyPath: m_LocalPosition.z
      value: -0.00997448
      objectReference: {fileID: 0}
    - target: {fileID: 4690202554821372, guid: 987034b940598cc4aa5baefba14e3ee8, type: 3}
      propertyPath: m_LocalRotation.x
      value: -0
      objectReference: {fileID: 0}
    - target: {fileID: 4690202554821372, guid: 987034b940598cc4aa5baefba14e3ee8, type: 3}
      propertyPath: m_LocalRotation.y
      value: -0
      objectReference: {fileID: 0}
    - target: {fileID: 4690202554821372, guid: 987034b940598cc4aa5baefba14e3ee8, type: 3}
      propertyPath: m_LocalRotation.z
      value: -0
      objectReference: {fileID: 0}
    - target: {fileID: 4690202554821372, guid: 987034b940598cc4aa5baefba14e3ee8, type: 3}
      propertyPath: m_LocalRotation.w
      value: 1
      objectReference: {fileID: 0}
    - target: {fileID: 4690202554821372, guid: 987034b940598cc4aa5baefba14e3ee8, type: 3}
      propertyPath: m_RootOrder
      value: 4
      objectReference: {fileID: 0}
    - target: {fileID: 4690202554821372, guid: 987034b940598cc4aa5baefba14e3ee8, type: 3}
      propertyPath: m_LocalEulerAnglesHint.x
      value: 0
      objectReference: {fileID: 0}
    - target: {fileID: 4690202554821372, guid: 987034b940598cc4aa5baefba14e3ee8, type: 3}
      propertyPath: m_LocalEulerAnglesHint.y
      value: 0
      objectReference: {fileID: 0}
    - target: {fileID: 4690202554821372, guid: 987034b940598cc4aa5baefba14e3ee8, type: 3}
      propertyPath: m_LocalEulerAnglesHint.z
      value: 0
      objectReference: {fileID: 0}
    m_RemovedComponents: []
  m_SourcePrefab: {fileID: 100100000, guid: 987034b940598cc4aa5baefba14e3ee8, type: 3}
--- !u!4 &3748715777415322769 stripped
Transform:
  m_CorrespondingSourceObject: {fileID: 4690202554821372, guid: 987034b940598cc4aa5baefba14e3ee8,
    type: 3}
  m_PrefabInstance: {fileID: 3753385894548764269}
  m_PrefabAsset: {fileID: 0}
--- !u!1001 &3753385895012503343
PrefabInstance:
  m_ObjectHideFlags: 0
  serializedVersion: 2
  m_Modification:
    m_TransformParent: {fileID: 3753385894755954636}
    m_Modifications:
    - target: {fileID: 1232180604937776, guid: 2a6e0377850c8654c85590a27f9e0631, type: 3}
      propertyPath: m_Name
      value: poison_floor_aura (2)
      objectReference: {fileID: 0}
    - target: {fileID: 4251731833827174, guid: 2a6e0377850c8654c85590a27f9e0631, type: 3}
      propertyPath: m_LocalPosition.x
      value: -1.1100011
      objectReference: {fileID: 0}
    - target: {fileID: 4251731833827174, guid: 2a6e0377850c8654c85590a27f9e0631, type: 3}
      propertyPath: m_LocalPosition.y
      value: 0.43
      objectReference: {fileID: 0}
    - target: {fileID: 4251731833827174, guid: 2a6e0377850c8654c85590a27f9e0631, type: 3}
      propertyPath: m_LocalPosition.z
      value: 0.90002537
      objectReference: {fileID: 0}
    - target: {fileID: 4251731833827174, guid: 2a6e0377850c8654c85590a27f9e0631, type: 3}
      propertyPath: m_LocalRotation.x
      value: -0
      objectReference: {fileID: 0}
    - target: {fileID: 4251731833827174, guid: 2a6e0377850c8654c85590a27f9e0631, type: 3}
      propertyPath: m_LocalRotation.y
      value: -0
      objectReference: {fileID: 0}
    - target: {fileID: 4251731833827174, guid: 2a6e0377850c8654c85590a27f9e0631, type: 3}
      propertyPath: m_LocalRotation.z
      value: -0
      objectReference: {fileID: 0}
    - target: {fileID: 4251731833827174, guid: 2a6e0377850c8654c85590a27f9e0631, type: 3}
      propertyPath: m_LocalRotation.w
      value: 1
      objectReference: {fileID: 0}
    - target: {fileID: 4251731833827174, guid: 2a6e0377850c8654c85590a27f9e0631, type: 3}
      propertyPath: m_RootOrder
      value: 3
      objectReference: {fileID: 0}
    - target: {fileID: 4251731833827174, guid: 2a6e0377850c8654c85590a27f9e0631, type: 3}
      propertyPath: m_LocalEulerAnglesHint.x
      value: 0
      objectReference: {fileID: 0}
    - target: {fileID: 4251731833827174, guid: 2a6e0377850c8654c85590a27f9e0631, type: 3}
      propertyPath: m_LocalEulerAnglesHint.y
      value: 0
      objectReference: {fileID: 0}
    - target: {fileID: 4251731833827174, guid: 2a6e0377850c8654c85590a27f9e0631, type: 3}
      propertyPath: m_LocalEulerAnglesHint.z
      value: 0
      objectReference: {fileID: 0}
    m_RemovedComponents: []
  m_SourcePrefab: {fileID: 100100000, guid: 2a6e0377850c8654c85590a27f9e0631, type: 3}
--- !u!4 &3754223597569974345 stripped
Transform:
  m_CorrespondingSourceObject: {fileID: 4251731833827174, guid: 2a6e0377850c8654c85590a27f9e0631,
    type: 3}
  m_PrefabInstance: {fileID: 3753385895012503343}
  m_PrefabAsset: {fileID: 0}
--- !u!1001 &3753385895279840511
PrefabInstance:
  m_ObjectHideFlags: 0
  serializedVersion: 2
  m_Modification:
    m_TransformParent: {fileID: 3753385894755954636}
    m_Modifications:
    - target: {fileID: 1025997511484594, guid: 987034b940598cc4aa5baefba14e3ee8, type: 3}
      propertyPath: m_Name
      value: poison_floor_massive_aura
      objectReference: {fileID: 0}
    - target: {fileID: 4690202554821372, guid: 987034b940598cc4aa5baefba14e3ee8, type: 3}
      propertyPath: m_LocalPosition.x
      value: -0.88
      objectReference: {fileID: 0}
    - target: {fileID: 4690202554821372, guid: 987034b940598cc4aa5baefba14e3ee8, type: 3}
      propertyPath: m_LocalPosition.y
      value: 0.33
      objectReference: {fileID: 0}
    - target: {fileID: 4690202554821372, guid: 987034b940598cc4aa5baefba14e3ee8, type: 3}
      propertyPath: m_LocalPosition.z
      value: -0.8
      objectReference: {fileID: 0}
    - target: {fileID: 4690202554821372, guid: 987034b940598cc4aa5baefba14e3ee8, type: 3}
      propertyPath: m_LocalRotation.x
      value: -0
      objectReference: {fileID: 0}
    - target: {fileID: 4690202554821372, guid: 987034b940598cc4aa5baefba14e3ee8, type: 3}
      propertyPath: m_LocalRotation.y
      value: -0
      objectReference: {fileID: 0}
    - target: {fileID: 4690202554821372, guid: 987034b940598cc4aa5baefba14e3ee8, type: 3}
      propertyPath: m_LocalRotation.z
      value: -0
      objectReference: {fileID: 0}
    - target: {fileID: 4690202554821372, guid: 987034b940598cc4aa5baefba14e3ee8, type: 3}
      propertyPath: m_LocalRotation.w
      value: 1
      objectReference: {fileID: 0}
    - target: {fileID: 4690202554821372, guid: 987034b940598cc4aa5baefba14e3ee8, type: 3}
      propertyPath: m_RootOrder
      value: 1
      objectReference: {fileID: 0}
    - target: {fileID: 4690202554821372, guid: 987034b940598cc4aa5baefba14e3ee8, type: 3}
      propertyPath: m_LocalEulerAnglesHint.x
      value: 0
      objectReference: {fileID: 0}
    - target: {fileID: 4690202554821372, guid: 987034b940598cc4aa5baefba14e3ee8, type: 3}
      propertyPath: m_LocalEulerAnglesHint.y
      value: 0
      objectReference: {fileID: 0}
    - target: {fileID: 4690202554821372, guid: 987034b940598cc4aa5baefba14e3ee8, type: 3}
      propertyPath: m_LocalEulerAnglesHint.z
      value: 0
      objectReference: {fileID: 0}
    m_RemovedComponents: []
  m_SourcePrefab: {fileID: 100100000, guid: 987034b940598cc4aa5baefba14e3ee8, type: 3}
--- !u!4 &3748715775996306947 stripped
Transform:
  m_CorrespondingSourceObject: {fileID: 4690202554821372, guid: 987034b940598cc4aa5baefba14e3ee8,
    type: 3}
  m_PrefabInstance: {fileID: 3753385895279840511}
  m_PrefabAsset: {fileID: 0}
--- !u!1001 &3753385895528358908
PrefabInstance:
  m_ObjectHideFlags: 0
  serializedVersion: 2
  m_Modification:
    m_TransformParent: {fileID: 3753385894755954636}
    m_Modifications:
    - target: {fileID: 1232180604937776, guid: 2a6e0377850c8654c85590a27f9e0631, type: 3}
      propertyPath: m_Name
      value: poison_floor_aura
      objectReference: {fileID: 0}
    - target: {fileID: 4251731833827174, guid: 2a6e0377850c8654c85590a27f9e0631, type: 3}
      propertyPath: m_LocalPosition.x
      value: 0.96999884
      objectReference: {fileID: 0}
    - target: {fileID: 4251731833827174, guid: 2a6e0377850c8654c85590a27f9e0631, type: 3}
      propertyPath: m_LocalPosition.y
      value: 0.43
      objectReference: {fileID: 0}
    - target: {fileID: 4251731833827174, guid: 2a6e0377850c8654c85590a27f9e0631, type: 3}
      propertyPath: m_LocalPosition.z
      value: -0.7199745
      objectReference: {fileID: 0}
    - target: {fileID: 4251731833827174, guid: 2a6e0377850c8654c85590a27f9e0631, type: 3}
      propertyPath: m_LocalRotation.x
      value: -0
      objectReference: {fileID: 0}
    - target: {fileID: 4251731833827174, guid: 2a6e0377850c8654c85590a27f9e0631, type: 3}
      propertyPath: m_LocalRotation.y
      value: -0
      objectReference: {fileID: 0}
    - target: {fileID: 4251731833827174, guid: 2a6e0377850c8654c85590a27f9e0631, type: 3}
      propertyPath: m_LocalRotation.z
      value: -0
      objectReference: {fileID: 0}
    - target: {fileID: 4251731833827174, guid: 2a6e0377850c8654c85590a27f9e0631, type: 3}
      propertyPath: m_LocalRotation.w
      value: 1
      objectReference: {fileID: 0}
    - target: {fileID: 4251731833827174, guid: 2a6e0377850c8654c85590a27f9e0631, type: 3}
      propertyPath: m_RootOrder
      value: 0
      objectReference: {fileID: 0}
    - target: {fileID: 4251731833827174, guid: 2a6e0377850c8654c85590a27f9e0631, type: 3}
      propertyPath: m_LocalEulerAnglesHint.x
      value: 0
      objectReference: {fileID: 0}
    - target: {fileID: 4251731833827174, guid: 2a6e0377850c8654c85590a27f9e0631, type: 3}
      propertyPath: m_LocalEulerAnglesHint.y
      value: 0
      objectReference: {fileID: 0}
    - target: {fileID: 4251731833827174, guid: 2a6e0377850c8654c85590a27f9e0631, type: 3}
      propertyPath: m_LocalEulerAnglesHint.z
      value: 0
      objectReference: {fileID: 0}
    m_RemovedComponents: []
  m_SourcePrefab: {fileID: 100100000, guid: 2a6e0377850c8654c85590a27f9e0631, type: 3}
--- !u!4 &3754223597398215834 stripped
Transform:
  m_CorrespondingSourceObject: {fileID: 4251731833827174, guid: 2a6e0377850c8654c85590a27f9e0631,
    type: 3}
  m_PrefabInstance: {fileID: 3753385895528358908}
  m_PrefabAsset: {fileID: 0}
